2048 2860
108 14 355 42 ’tNE ANE l ts õsoi!
122 65 279 99 8Pages¬
89 109 345 142 tis voiiu t uues
90 135 351 167 aonaoés ann, me uomirue.
90 158 253 183 tontasegaaouioui
90 180 271 209 veteoxté ; out s outjane
91 203 267 238 auat rt iluls ia
135 437 374 462 Mais il parfaitement le
50 435 262 478 Auiſi Mlais i ſ ei
32 454 374 481 ’oodi ds ne pus confinér ſpp talent dous
51 471 373 498 un pul omploi et dimanche ou Huvre,
87 487 373 515 Qu ppuraleil, ſoiui quom
50 504 373 531 i’ aorli maliéieus gul
50 521 373 547 NVait di pptir ét qu’il
51 538 373 565 Mgnit d’avoir, d oau sang froi, ra¬
52 555 226 580 maous es pieda.
56 571 374 598 D’’lleuu; elle Somblé avoir é ort
54 588 372 626 euaie eſie routreeiiiton diu durt
55 604 349 631 s, errggnngge laint, bien disl
69 609 146 647 d ee e
55 638 374 666 pu iei Miltérand n’a in du, Bruyant
55 657 372 682 Mannre) les ont tenus on perteetion.
66 673 377 698 Chéton, je regrelle de ne pas vous¬
54 688 373 714 ooig l yu, l mos poi ami, dun o role
54 706 368 733 rrnlé du rrcibno, dont l’anoien ſhéa.
52 721 367 749 h ieit ai bn puil. Role diffele; ou,
112 739 373 765 uirmanſ’ damande un délieai
50 755 373 783 bodimage, de l’espiggeorie fne, eee rr¬
50 773 389 798 cé llrfos ét. ogbis. Ie ne m’tonne
50 789 374 815 nas yõ briamment resei.
63 806 373 831 aBou, lui, s niots dans aon réper¬
50 822 374 850 toire. or’dinaire. I dit: aTous ous
50 839 374 864 Eufua, ont des muflesl Il m’out pris
50 856 373 881 m plae ln Et Il a présonté etle ſonte
50 904 373 932 r illor boütod Ies toü, os jallir lous
50 922 378 948 PtfiSs éé ITT.,
80 939 372 966 Doumargue m’a pris ma place! Dou¬
119 957 372 980 al mon ami, mais mon ami
51 972 373 1012 ofie puoe e& cromiit cuomn e uin ceſ
49 990 85 1016 euoi
152 987 377 1015 ſt grundi lep, a¬
51 1005 377 1030 iss liiO EYT
45 1022 373 1048 Bthou vaut moſns par l esse et
51 1039 372 1065 vaE, de pergus u par la cha¬
50 1056 373 1081 eur a ſoree puaionnée d con necent.
50 1073 372 1097 Quand iE dit i d’est Doumergue qui a
51 1089 371 1116 pris: a pletd i’n ll cenl cet i qu’il dit.
50 1105 366 1133 Ca Tieur iii.,i..
66 1123 377 1151 Pié rdou ot lov I A diti?
50 1140 261 1164 à Ime là Pps
55 1156 376 1181 Oui l rnn àvait ehoisi, c jourlh,
49 1173 372 1198 lé purſ f Chron; moins la Mo¬
49 1189 366 1215 delloofei un eot, diml
49 1205 377 1232 qué le rde n d’édortoent ds Gtrophés
46 1221 371 1250 e , l’a haussé,
49 1239 366 1267 poo9 méaiéeqnrſei & eo mdi s i,,
66 1255 372 1283 Bripnd dodû à amer la
50 1273 372 1300 fgmig mui, os Pramgin qua me
50 1290 370 1316 le Suivronb pas. L’ouir d da Franee,
59 1306 371 1332 sé, peait t concconiré un la loi
45 1311 350 1349 bidids tfſuil d’ ſormermſre qurmm leur
107 1339 375 1367 i ntt l’enn qroré, poui los pro
183 1357 342 1384 legeo âi.
338 1388 372 1413 uj
139 1406 267 1430 pa ormo lui.
65 1422 371 1448 L’usage de clte arme odoutable cera
49 1439 371 1464 meme, parati, le oul caiuolere om¬
49 1456 370 1481 mun ious les membres de l Fédéra¬
49 1472 370 1497 on des gauches. Car Briand a tenu à
49 1489 370 1514 dous déolarer qu’il: pente autrement
49 1506 370 1530 que Barthou, lequel ne pens pas non
50 1522 369 1547 plu émme Chéron. Ainsi la Fedération
50 1539 370 1564 s gauches n’est pas, d’aprés les dé¬
50 1555 369 1581 tlaraloon ofſeilles d on choſ, un
66 1572 369 1597 ifii. Nous nous, en doulions dejà!
72 1589 369 1613 ’est-o donc, alors, i ce n’est un
50 1605 370 1631 parti Ganier, Bonnot auraient dit
50 1622 368 1647 pou-btre que c’est une u combine nl
50 1638 368 1664 Appelons-lu, plis nobloment uns bande,
49 1655 369 1680 ane colonne d’attaque, formée de frou¬
48 1672 370 1698 ps un peu malangées, mois dont tous
48 1689 370 1714 les Soldats portent la môme arme. Ils 0
47 1706 369 1728 reconnaîtront au maniement de l’Amour
47 1722 368 1745 do l Pranos. Es-os qus nos anetres,
48 1739 369 1763 les Franls, ne se dislinguniont pas par
48 1755 369 1781 l’usage d’uno arme partioulibre ? Ils lan¬
49 1772 227 1797 aient Ia Franisquel
74 1788 369 1815 ’amour do le porie, bion manié et
49 1805 369 1830 utiié comme rme d jet, pourrait
49 1821 367 1844 ffot meftre l’advorgairé on déroute.
48 1838 369 1862 Mais ladversaie ’empressera, je le
47 1855 368 1879 révois, d’en fabriquer pour éon uaoge.
47 1871 369 1896 il y a des gens qui ne cont pas de la
47 1887 368 1915 fdéraion des gauches, qui, par oons
47 1904 366 1932 guents n’ont, auein. drot, d’mer la
47 1921 368 1948 Eran, et qui voudront l’aimer tout de
46 1939 118 1960 mem.
62 1953 368 1979 L ale ngancej Oh! mais on les
46 1971 368 1996 démasquer, aoyez tranquille j’ Donnez
45 1987 368 2013 u pruvo Gué vous l’uim!u lour
45 2004 368 2028 ci: déj Briand. Nous allons bion
46 2020 369 2045 voirj l’ ’y que moi qui l’aime, et
45 2037 368 2062 qui ais y-lirol’’s ave moi qu’elle
46 2053 368 2079 V mmahhrrl Si Doumergue, veut. la
46 2070 368 2095 iaire mareher, ’’t le Soizé Mai! Dites
45 2087 368 2112 un peu, vous autres, qui dites que vous
45 2104 367 2128 aimez la Pranos, cal-ée que vous aimez
45 2121 293 2143 la loi de trois an ?
60 2136 242 2161 L’. Pas plus que ç!
61 2153 366 2191 i Ab l en iuſs ur . Proiieor .
66 2170 367 2196 tuivou! rahisonr Qu’ette que je
44 2170 366 2211 aguirrquue rbiioonn Qu’euo ie
45 2202 367 2228 lenir que vous imn la ranoe, cans
44 2219 366 2245 aimer les frois ans? Nous en urons,
45 2235 365 2260 dos alfchel Nous le dépiaulerons,
45 2254 280 2278 votr amourl 2..
48 2269 366 2294 à’ragaux bloquates déclaralions du
45 2286 367 2312 fave, il devient rocile de faire une
45 2301 367 2327 d& do la proehumn camapegno, élee¬
45 2319 366 2343 torale; et coſte ids eet fort séduidanle.
49 2336 370 2362 Bvidemmnt, elle ne poccmbbra pas.
48 2351 369 2375 mcors oux lameues Gus d’Amour
49 2368 366 2395 Iol non Toulousains, oomme Bedouce,
89 2386 367 2408 né au cur là Souriante tradition.
61 2400 367 2426 ais quahd done, e vousl prie, les jou¬
47 2416 367 2442 s dlctorals omlelo uecomblé aux
46 2433 366 2460 Guhss des Coursi d’Amourà Pourtaſ,
45 2450 382 2477 : & n’ot oncore la Cour d’Amour, cé
45 2467 366 2492 ter, du moins, un Conbqurs d’Amour.
49 2484 367 2509 andidats, la lutte va s’ouvr! Soyez
46 2501 368 2539 ouenerntl la muin ue de ſurrl eſ la
46 2518 334 2543 pae ur mieux dln qu’il aime.
61 2521 368 2558 enaninlſueun dler qu aims ine
46 2551 367 2575 ae de la, Gomédie Royalo, nous mon¬
47 2567 367 2592 t uns bolle qui vonvio doux Piérrols
46 2584 367 2608 lort éprs à lui ſairo chacun sa cour,
45 2600 367 2627 dabord. uccoaivemont, em miutes
45 2616 367 2642 ehaou: uui.. Cmullandmont l’u
45 2634 256 2659 gautre à droite.
46 2651 366 2676 Co sont alors rments, coupires¬
45 2667 367 2705 aonns Voraiieuinz, li.
45 2686 367 2709 mge purſaiee de la campagne où nous
45 2687 340 2725 mnuR la P’udéruoun dia oauohen
50 2716 367 2744 uand Chron Hut Slu pur la
44 2734 365 2772 oibie louxe duoonainil.
57 2750 367 2775 n lo vit, lendemain. perron au mi¬
203 120 390 144 touõnes
116 412 388 449 ao Chéron de les roles pér
139 619 389 647 oron, Barfhoui Driand lus,
529 832 697 877 des blessés
521 879 607 900 Ai
497 892 549 946 des
395 951 518 979 Anpers, i7 fov
400 835 526 879 Il y a eu
561 897 689 939 bagarres
386 899 481 932 cours
552 958 703 980 Un gardien de
381 970 691 995 l’Aeole des Arts-et-vétiens d’Aigeus, bee
382 986 699 1008 aevo, Cute mt, dus ua ouur, end lé¬
382 1000 704 1023 ves de l’eole qui avuien, ppii a précau¬
382 1014 685 1037 ton de dn couveir la bde due cagoulé.
397 1028 683 1051 Il préEitt uuint L. Brdeards dir
382 1043 704 1067 teur de I’Ecole. Immédlhamnint. ceui-i
381 1056 703 1080 dscoidadt mns la eGur, e cumpagné de
381 1072 703 1094 M. Bazar, ous-direeteux, et de plusiours
381 1086 602 1108 gardiens et voillurr de nuit.
396 1101 697 1124 Une & qygarae aueai,
378 1113 703 1137 tt d’ums denn llnlou du Poole, Je
379 1129 704 1151 idſfolt pgoûreus cmont et ſappa à
381 1143 698 1166 teue; à ’aide d’un maeh. de louat, le ai
378 1158 691 1181 irecteu, de l’Ecole, qul fut aasez aériins.
381 1172 478 1191 ment blossé.
380 1201 474 1220 tied écléie.
377 1215 701 1240 Apnat, on ccorrra lours camoundes
378 1230 673 1252 ida Dramlé et de deu aime unnéé, les
382 1274 700 1299 Cha. Tout le mal vient, cisii-il
381 1292 701 1316 oxcollamment, de e que nous n’ai¬
381 1309 619 1333 mons pa aszez le pouple!
397 1325 695 1351 S,burnant vers érault. il l’empei
390 1341 635 1368 he: par le lui Préch.
390 1359 701 1397 PEſtldibi ie aie nt
376 1374 704 1415 tſggfgiſiggue ifeſſ la glidpſtto ſid ſe
381 1407 577 1432 répondit avec doüeeu
604 1407 701 1429 n ’’est une
380 1425 702 1449 bonné idée que vous me donnez là! ’y
380 1441 474 1465 penserai!
427 1458 683 1485 MARt ScnT.
389 1496 692 1528 POR LA MI-CAREME
446 1547 637 1569 Une iie par ſour
392 1582 699 1604 Le Smieat des manchands de vis on
379 1598 701 1620 détail procédait, hier, à l’éleclion dune
379 1614 700 1637 reine poux la Mi-Careme. Apres un serutin
379 1629 700 1651 trs animé, c’est Mle Lucie Groisel, une
379 1645 701 1669 charmante blonde, qui a réuni la maiorué
380 1661 701 1685 des uſrrages et a ets proclamée eine
379 1677 573 1700 pour Ies proéhaines rétes..
453 2096 617 2121 Mue Lacle noSSET
376 2122 696 2144 A444
376 2145 694 2166 emiata t en vente au prax de r
376 2158 697 2179 S labrare de ’Himontie
376 2171 681 2191 mand, envoie la lale des œuvres de Told.
417 2752 749 2778 Le pont de Saint-Chaptes, rés d’aës,
44 2767 366 2796 ou ’un grou, eût d euti¬
396 1187 706 1208 Le Souo-diresteur out une oreille en par¬
531 803 867 831 L’Or s iAs -Trrns a ANos
639 1337 719 1367 loioi:
714 870 898 895 chioifis ie eiiga egſis die e ris ’els
699 927 817 947 ulor dun l
714 842 1035 867 ve ouchontt doma le dortoir du deuxlame
715 855 1036 882 ttagi esder dirent ann , coor et fren.
915 884 1027 907 Poël aparu iſj
714 914 1036 935 D ut étobii. Les lo rmbnimſrt
835 928 1005 950 oir et e ouucl et.
726 942 1035 965 A houres. uu mitin, plusleurs dbcus
713 956 1034 982 S& chairmme noccupber
714 970 1036 994 Ser vou? d’hblbds. & uin au adllurl el
714 985 1035 1007 jtront paur lus lnnttec tout le motlel
714 1000 1033 1023 iy trouvait. ts, tubles, cheises, ſte,
717 1010 1034 1038 ira quu, l’Ffant, bAié lal vuslſs oi
713 1026 1030 1049 Iuit Coouniruar oa chumbre dur vurl
713 1042 1035 1064 lant a V e dor for llu ttir ent à oux cni¬
714 1057 1035 1080 ves,, lits, un veõtdir qul s’y Etouvait
714 1071 1034 1095 et donz, les pouhe uquel ls prumort ; u
713 1085 990 1107 ooeleeuille et un bnouaeau de cs.
719 1100 1034 1122 Ca mafin, à s et demie, le rével
712 1113 1035 1137 uu le. Cmme d’hbitud. loneque
713 1128 1034 1152 lis, qlve, eu humbré, do o oi vho, enini
714 1142 1035 1165 renà Conduud v ves les utalirrs, le Survel¬
713 1156 1034 1181 lnn, E. Lenée, Fu Eteimt à . tempe pa¬
713 1171 1034 1195 vmi houlon de la groueur d’un nu; vigou¬
713 1185 990 1206 reuoien lineé e on b&. LE pro!
713 1200 931 1222 ft hauüruum?nt, lul arr;
709 1214 1034 1238 mqrit, blépure, par uite, rut bau
738 1230 1028 1248 va.
726 883 896 906 Mer dé d hbetiu dé
709 1274 1033 1326 Ls Giprises
766 1336 1031 1402 AfEAE ſlſlſ,
830 1380 1011 1403 LLI, Liiee
721 1407 896 1433 M. Cndiou fut tué
819 1434 1024 1463 d’un coup de reoluer
731 1477 1013 1507 cr C e ouananr L’ronsu
731 1499 1012 1521 FAITE HIER Pa L Dt ra
724 1539 1036 1562 Bresl, L. Iévrir. Noua avjons raison.
751 1555 1031 1577 re que le niyatere de Landermeu
712 1569 1036 1593 uous résrrvait riel dõlai de gronces eur¬
710 1583 763 1604 prlaes.
725 1597 1033 1622 Alora que lo juatlée, aprés avoir cru que
710 1612 1033 1635 M. Catlou avait été gnrgé, en éaſt vanuis
709 1626 1032 1649 da admulbre que l’on vvit blrunglé le direc¬
712 1640 928 1663 teur do, le Grand’Falud, v
710 1655 1030 1677 topaie démontre que l rrort ett duo à in
711 1669 1012 1692 conp de iou tré pur derridieu ot qui
711 1683 1031 1707 aueint la victime à la nuue du cõté droit
723 1698 1030 1721 Ceunes ot domie, le conps
710 1712 1032 1735 de M. Cadiou, qui était enterré à Mnr¬
728 1727 1032 1749 lx, a été exhumé pn prûsence de M. R¬
710 1741 1032 1764 ’audin, ommissule de polieo et l’lé
709 1755 1031 1778 trasporté à u mongue de l’hospic.ù
709 1770 1026 1792 ’autepie a été faile an présnn e M.
710 1784 1026 1806 Pachot, avocat général Rennes; Rous
709 1798 1029 1820 Seu, méddoin ſegisle l Eent; Picard,
709 1812 1029 1837 proretr de lu Répulique el Le Clech,
708 1827 1030 1849 juae d’inruetion à Morlaix; Guilnad
704 1841 1030 1864 proeureur de lu Répullque, el Didard dé
708 1855 1025 1877 La Noé, juge d’ingtuotion B Ent. Com¬
708 1870 1031 1892 mencée S houre, l’autopsie ne s’eot ter¬
708 1884 1013 1906 minée qu’à Il héuros.
723 1898 1030 1920 La docteur Paul a prélevé les vccres
707 1913 1031 1935 et divers organes, notamment un patl
708 1927 802 1949 de la gorge.
722 1941 1030 1964 L’examen du cou et de la téte a été par¬
708 1956 1030 1977 ienlibremont mintieux; on a relevé des
707 1969 1029 1991 trcoes d’ongle eur le culr chevelu et uu
708 1987 740 2003 cou.
722 1998 1029 2022 Los prers péaultats de l’autopsié per¬
707 2012 1029 2034 mettertt d’étal ue M. Cadiou n’éet Das
708 2027 819 2049 mort tranglé.
721 2041 1005 2063 Le irecteur été tué par une halle
708 2056 1005 2077 revolvvr, tirée du coté droit, derriere
704 2070 1029 2093 tats. Le projgetile Suivi un trajét obli¬
707 2084 1027 2106 que. traneanr l’’atôre enootde de drote.
722 2099 1029 2120 Le pmtlen a rouvé la bale logée à a
707 2112 1029 2134 taSe du crûne. Il ne nont diré i la gorge
708 2127 1029 2149 pnit tranchée ovant la mot ou apres. La
707 2141 1029 2162 lion fut loite énorm, arouoe, de oen¬
706 2155 1029 2178 timiëbros, pout-étre pur dimiuler. Ia
707 2170 870 2192 trace du coup de ſeu
753 2754 1021 2781 consiruit récemment, été em¬
383 2768 750 2795 porté en rte bite du Gri.
1059 472 1360 554 nEsposinnEs
1065 559 1373 589 J’eã en mains quatre documenls im¬
1049 581 1371 606 portants e imbéresanls qui sont relutiis
1048 597 1386 622 l’état canitaire de l’urinée t qui mmn¬
1376 615 1718 638 runoites, bronchiles, afféalions pulmono¬
1049 614 1370 637 nent du corviee de sonié militaig. L’un
1047 631 1370 657 est un rupport du is uout ii, ou plu¬
1048 647 1370 670 lôt c’est uné nole de la direclion du Ser¬
1049 664 1374 691 vie de aandé pur; l’état major ie,
1048 681 1370 705 indique fortemont le mul chroniquu.
1047 696 1369 720 dont nõs soldnts dans o rõ¬
1047 715 1369 739 gim de cosrne, les perils agravés que
1047 731 1369 756 va iaire ourir l’incorporation de doux
1046 747 1369 772 elaseés jeunes, et les rdofuions indis¬
1046 764 1369 789 Pnsablos. Elle e&t lgnée du direceur
1046 781 1369 806 Troudéaint el de l’aſſoift uu diregteur
1046 798 1116 822 Dupard.
1049 814 1368 839 Et puis, par ordr;d data, c’est un
1046 830 1367 857 rapport adrossé a gûndral de division
1045 847 1367 872 commandané n : orpe d’armés à
1045 864 1368 886 Chlon-our-Marne par le médécin ins¬
1045 878 1368 907 poulour pgoidiua, y’illriry qiſ oe oopre
1046 895 1367 924 ij , d’orl onauito, l de du ſa oo¬
1044 914 1367 941 vembre, iin rupport du médecin inepec
1044 930 1367 956 tour géhérui Chûvasn, inombre du o¬
1045 947 1367 972 mité conultatis de vanté aur le visite
1044 963 1367 988 des nouvenux casereionls des places
1044 980 1367 1005 de Toul NNnoy, NaintDDé, pinal ët
1045 996 1366 1022 Bellort, au point d vus de leur slu¬
1044 1013 1366 1038 brilé n’l, enfn, à la dae loue écente
1044 1029 1360 1067 du is lantiie oais un repii du mé
1044 1046 1361 1071 dein lappoteur général; Vaillard, é.
1044 1062 1311 1085 Sident du Comilé conaulttij de
1044 1078 1331 1106 à M. le miiis de Iu guetr e.,
1062 1095 1366 1121 Ces dõeuments ponu dnn, eénieuse
1044 1111 1366 1138 imporlanos. la aideront: lo pays ct le
1044 1128 1366 1155 Parlement hi meure- eo Fsbpomgabili
1044 1145 1369 1172 lés, a luger le régirm, d bai br impré
1044 1162 1369 1189 voynmo qui euvll dais ’organicuoni
1044 1178 1366 1205 militnré. dpuis d tengues Anées, à
1044 1194 1366 1222 aioir ls atton s l oxe euollo et ?
1043 1211 1366 1239 xigtis les relopns dls pocabdi Toue
1044 1228 1366 1255 pos rapporl ooes onit, lrop étendus
1043 1243 1371 1272 Dour qui ouu, puisfiomur los, puiter en
1043 1261 1378 1287 ontlor j’mais j’an roproihii esgsottii.
1043 1278 1377 1305 en de lairges extralts.. aaa
1060 1294 1369 1321 Aioud’hui, je reproduis, ci dovous
1043 1310 1365 1335 dâiut de nots du ls aout-rédixée
1380 411 1705 434 TT N ASCENSION CONSTANTE, No.
1379 425 1705 459 Tr. DT is GUEs àN¬
1388 455 1704 479 Cet, aerolssement aurtout porté (par¬
1381 469 1704 494 tieuliéroment dons le métropole, moins en
1380 483 1703 508 Aljérie, Tundsaie uur ess l eceooos -cpres,
1380 498 1703 522 qui représe eetet d’füleurs lo Gropé dé
1381 512 1704 536 beducoup- le plus importont, pur le nom¬
1380 527 1702 549 bre et praité des mlodies dut oldat:
1380 541 1703 574 du eateplion die di ilore, grprionile, qui
1379 556 1703 579 est en répresrion senluiatet. one peut espe¬
1379 571 1702 594 Ter, e vole de disporiiion progrexuive de
1379 584 1629 607 t’ormée. vEa, re v.
1393 600 1701 623 Affections desvoles tespirotoires: la¬
1378 629 1554 652 rẽs ioersos, pleutréde.
1390 644 1623 665 Tuberelose.
1392 658 1704 683 Rouneole et scrltine, oreions, dnue¬
1378 672 1610 696 rle, céré bro-spénale.
1391 687 1624 710 Hmntſque artieuldrr; iu.
1392 700 1702 725 Ces muladies Sontt unmimess afteeter,
1378 716 1701 741 d dés deréss dners. un curuetére Sdson¬
1377 731 1701 755 der, et Se maitestent et, répnent prinoi¬
1377 745 1701 770 pnlement endont lu Sison froidé et pla¬
1376 759 1700 783 cleuse, d liver et out prérdemps, œut eurs
1376 769 1700 798 d e lonore pérlode htueer oo ernele ur¬
1377 788 1700 813 quée; di lu. jols, pnr ſ ficiſe ucelmdie.
1376 803 1700 825 ment du mlore et l’nrs oent
1376 816 1596 840 d’r ouerre Soddt.
1387 831 1704 856 Un qrond noinbre d’entre eles ue réu¬¬
1376 847 1700 869 nigsant pour tormer le qrope des mo¬
1376 860 1700 894 nies e riuiore nouoora¬
1375 875 1701 898 phde médéoiolé. 7
1389 889 1705 913 Donts, lscenaion qenérodle de la moroi¬
1375 903 1699 928 dité, judtltatro dud rinnapiert, dua uſ¬
1375 918 1698 942 jetiomn,  u viennent détre metionnées,
1375 932 1699 957 les. leres éupiues jrougeole et scorle¬
1375 947 1698 971 tnnll tplitfrie et es reolos oit pris
1374 961 1698 985 une gr’nndéi plocé, qui n’rt cteente dns
1375 975 1656 999 autré urmé e l’Europe.
1389 989 1699 1014 De éme, eti pur, unis éolutton fimi¬
1374 1003 1698 1037 nint plui ſitueié, ſut ſpneus il laite der
1374 1018 1698 1043 plus oer oluqaes, ſa tbereulore. pris un
1374 1033 1698 1058 eueloppenudt nnsolie; pror’esoiſ et d peu
1374 1042 1697 1071 prds &tnrtuu, qul eoptlre ione puipreiontmmeie
1374 1061 1697 1084 toute. Spéciole, de motre
1373 1076 1697 1099 rmée. en ut. imprimomt xon cehét le
1371 1090 1505 1112 plus défunroble.
1389 1104 1698 1126 Paraltelteent ui l’eztenston impresssion¬
1374 1119 1697 1143 nte de lu orit
1374 1133 1697 1156 l turé apécirtuen ddétontrée
1372 1146 1697 1183 pous ia auii qiide ar oriee du eusa e
1373 1161 1646 1186 Ss uest lun grnd déuutoimiement.
1388 1176 1700 1199 In eeid nmnent de bildit ’et oi ti¬
1373 1191 1698 1216 berelbie t ’ine rection pu ratlo¬
1374 1205 1697 1230 cie élroite merei t, coient e qmer
1372 1219 1697 1244 les réſrrmes P’ogreasives pur mucunis étdt
1373 1234 1697 1257 S nérat où. müldss! quà, ndainet mbee
1373 1248 1697 1273 Eiſe, it puypois s yli eontordent imiminennee
1373 1263 1719 1288 tubereauluse, uaéine r oleiesee de Conati
1372 1277 1647 1302 tutton, bromméhpe c croriſrl
1373 1291 1696 1317 Tuies tes Oprettos Eurmérbas plus
1373 1305 1697 1330 piuut, et les quelles a’ prinnipolerment
1373 1320 1696 1343 norié, l’umrmeitnloon de lu morbidiué dons
1432 214 1739 256 Direleur Politique: SEAN
1743 23 2018 48 eeR Di v¬
1713 56 2005 88 G Page-&
1712 78 2009 109 L louvnu Frumarré vondu n ouqu om
1788 106 1942 128 aBome
1735 120 1992 139 aan aas. dan tous e éouux de Porte
1726 148 2006 177 sani) oA M
1731 169 2007 200 Orpgunn j 2. o E in
1812 195 1999 223 s ie . Ee
1744 192 1795 211 Etrangur.
1732 203 1808 224 nion pona
1734 216 1861 255 AURES
1823 412 1927 432 onnaarre
1725 435 2035 456 Contrirement d l morehe ascendanie
1713 449 2046 472 de l, morlulité, lo mortollé., TOUTEE
1712 465 2024 487 FO A PE PRES DEUX FOI. PLE
1712 479 2034 502 FOrTE EOoE UE CELLE DE L’A.
1712 493 2036 518 ME ALLEMAND ot Ironohement on
1712 508 2035 531 réqresnlon, et ce résiulat est d dnd
1712 522 2035 546 tout. d l’ubissement du caffre obitudire
1712 536 2033 561 de l tuber culose ét de la fiéure, tumhoidé.
1725 554 2035 578 Pour cette derniere, l’ométioration est
1711 569 2034 593 réelle, positiue; elle prouient de l’essoirde¬
1710 584 2034 607 sement des milieux etériours. Tuotmni ens
1711 598 1962 622 de ’édu, poureui dons l’armée.
1724 616 2033 642 Elle. s’accuser encore; on peui me
1710 632 2033 657 emérer que léthaléé mlilre de la fié¬
1709 647 2034 671 vre tuphoie qui d n lourdement pese
1709 661 2036 686 urotrd, Prnyyue.
1710 676 2033 701 ment un cenir peu éloünn rrcé d
1708 690 2032 715 loidique, uu olttuie
1710 705 2028 728 des: conquites méordbles. dé l& microbiu¬
1709 719 1916 742 logie moderne.
1707 738 2031 760 MAS. L’ABAISSEMENT DE. LA oRE.
1710 753 2041 776 TALIE TLBEECUEEUSEDANS EHINE
1708 766 2031 792 MrE. ’BT DVAPARRENEE,’e la ie
1710 782 2041 803 thalité de l tuberedose reste ncontest
1708 796 2031 820 blement, uec l morbddité élenée de ceti
1709 811 2032 835 afeetion et le ortbre ecessii des rdd4
1708 826 2041 851 tſons, qu’elle endrone ppr rorrmes et F;
1707 840 2048 863 troites, le point noir d solidire d;
1708 856 1809 875 notrmée.
1721 870 2014 894 Ecieeeent, l courpe des, roioi
1707 872 2033 910 Pn r letbironirſe d euou u ſ ia rneil a
1707 899 2032 924 puis, pass eu prés. Sciii,
1707 914 2031 937 interruption, en portieuüier drs ces oe
1707 928 2030 952 nieres, annéps, iiérqaant tout spécſẽ¬
1707 943 2031 967 ment les jeunes aoldats, pour porvenir, pei
1708 957 2040 982 bonds, uecestiſs, d un chiffre qui m’et ¬
1708 972 2032 995 teint, d’bedueoun prés, pur ucue rmée
1707 986 2041 1010 de, l’Europe. i vroduemblablemeret, dui
1708 1001 2036 1023 monde enienie
1722 1016 2034 1040 Il s’en est auini: tout naturellement a
1705 1030 2032 1054 aisrement: prononeé de Iu morolté ti¬s
1709 1044 1795 1064 bereudeure.
1720 1064 2035 1089 PAR CONTRE N GRAD. NOMBEE
1707 1080 2045 1105 E TyEEEéL él E iE G RRS ſcxts e;,
1707 1093 2041 1121 Cl ouurrſuyr, su rro Te DES Tgſe
1707 1109 2027 1136 ee. SGia TeS’EN. Vopr ’ourffrs,
1707 1121 2035 1148 pEs, Ou Mõs, pa.
1707 1139 2031 1164 CIVrr, APE, oERi SEi i
1707 1152 2048 1176 CõNE AOU DEE aure; uur
1719 1173 2029 1200 Qu diro lo proportn qu’teünent ces
1704 1190 2018 1215 meſhreüreus Ei a
1733 1205 2023 1227 ie indiction de l: statielique de oit
1707 1207 2032 1244 ſ derndie peuiſe lt rnrratl ui re eimten,
1706 1234 2032 1259 cperput d cel documtenit, bdéqué
1704 1248 2036 1274 ue ls mitieſrires aont décedés, leute
1712 1263 2032 1287 euers épes donnoires. ou comuilerental
1716 1277 2040 1301 s. ort: autecombé tres vite, duzt d’uot.,?
1731 1293 2032 1316 etre répormés, et figurent, pour Cy, moo¬
1721 1308 2023 1331 , u tabteu des décés, nu eu d’au
1719 1322 2048 1344 enter celuit des radiations ddministro
1043 1409 1366 1438 dat Sanilaie éuait déplorable, qu’l elait
1043 1427 1365 1456 pour la Fronee une honte et un fléau;
1043 1443 1365 1472 on y vorra qus notreo armée, au point
1040 1460 1365 1485 do vus des Conditons générales de
1043 1477 1365 1504 Sants, étuit an plus bes degré de I’é¬
1040 1493 1364 1520 Cholle, immoncémont inférioure l’ar¬
1043 1507 1364 1535 mamnde, inferieure en quelques
1043 1527 1365 1555 pointelr, elon, les termes
1043 1543 1364 1569 mômus de là nolo, loutes les ormées de
1043 1560 1364 1587 IEaope, peut-Etre à toutes les ormées
1043 1580 1339 1604 de la terre.
1040 1593 1365 1620 Et on cn demandera à quol ponsaient
1041 1610 1364 1637 les gouvonants avant de corriger
1042 1627 1364 1652 Cet Slot de choses déplorable, ont livre
1042 1643 1364 1668 deux lsoô de jounes hommes à toutes
1042 1649 1362 1684 deu e dluae, de lues morn mes à uues
1042 1676 1362 1701 avant méme l’entoscomont du ces der¬
1042 1693 1363 1719 niers mois, la proportion don melades
1042 1711 1362 1734 c dea mors tait démesurée, et, ou liou
1042 1727 1362 1752 d’aooinir oo gouffre, on y n jes d’un
1041 1743 1362 1770 eoul eoup quatre ont mill jeunes
1041 1760 1361 1786 hommos, uggruvant ainui, sinistremont,
1041 1777 1362 1801 toutos les chûnoes funostes d’un régimé
1037 1795 1159 1819 déjà mauvais.
1057 1810 1362 1836 Voià l premiere, la plus crianto, la
1040 1828 1360 1853 plus torrible responsabilité. Que MM.
1041 1844 1362 1869 Briund t Bathou, Etienm, et Eainaeh
1040 1860 1368 1886 S’on glorifent d’un cœur léger doyant
1040 1876 1362 1903 le paye, b que M. Chénon ocs le on¬
1040 1896 1114 1916 homme!
1209 1910 1344 1932 SEAn aaunes.
1049 1947 1354 2003 Ittiletn suſt
1154 2008 1244 2030 ETa1T
1038 2038 1272 2078 que la morbidité
1150 2078 1361 2112 et la mortalité
1177 2123 1220 2142 t
1067 2150 1331 2196 ts nus runtts annoner
1220 2207 1359 2229 Paris, Iõ aout t88.
1056 2209 1163 2228 T DIRECTION
1037 2225 1195 2244 Cnuinet du Dinontur
1174 2243 1222 2261 NOTE
1056 2258 1341 2280 Pu l’Et-Major de l’arme, buru
1050 2282 1360 2303 Le ministre Pintention d’odresser qux
1035 2297 1359 2320 enéroux comndant les corps d’armee
1035 2311 1359 2334 une circulire, qui aur puuu objet de
1035 2326 1359 2350 réqler la morche progressive de linstruc¬
1035 2340 1359 2363 idon, en tenont compie d l ſois de Faug¬
1035 2355 1359 2375 mentotion de la durée du serpice et de
1034 2369 1323 2392 l’incorunration des hommes de o ans.
1049 2383 1359 2405 L’étt-moior de l’armée, en vue de pre¬
1035 2398 1358 2420 prer cetle cireuloire demondé, a
1034 2412 1359 2435 Je ditection, pur riole no S Sii, de lui
1034 2427 1357 2449 faire connaitre les prescriptions nounelles
1034 2441 1358 2474 qu etle lugerouil, miececnorire , de bnirodoite
1034 2455 1358 2478 dons la rénlementétion acluelle pouir com¬
1043 2470 1358 2492 léter et moditier, s’il y -lieu, lo circu¬
1039 2484 1358 2506 aire du ſ mar o, relative à la morehie
1033 2498 1358 2521 prnnressive de l’inetruetion et quz précou¬
1033 2513 1358 2535 tions d prendre, pour duvegurder la sonte
1033 2527 1340 2547 des hommes.n
1047 2542 1343 2565 La présente note pour but de répo?
1033 2556 1358 2579 dre d’l demonde qu’a bien voulu formaler
1033 2571 1213 2592 Peini-moior de l’ormée.
1042 2587 1349 2620 L’ETAT SATAIRE DE L’ARMEE
1045 2611 1363 2635 Il conient tout d’abord d’atidier som¬
1032 2628 1358 2652 mirement l’étot soütairo des troupes t
1032 2643 1358 2666 ees cuses; ce count exposé. perméttra en¬
1031 2656 1357 2679 vuite d’indiquer pluts IMceorl les dn¬
1032 2670 1357 2695 pers n éniter el les mesures d prendre poutr
1031 2684 1357 2718 e murche de l’instruction des jeumes Sol¬
1031 2702 1159 2721 dats.3
1046 2713 1357 2736 Or, ’état sonitaire de notre armée n’est
1031 2727 1316 2750 ps stselsl. ves ne us taue¬
1143 2747 1245 2767 MORBIDITE
1045 2764 1357 2788 Elle et ée, le PLUS FonrE
1031 2779 1362 2805 OU oE DE L’Ai ArEDDE
1373 1421 1697 1454 irmnte nmus, ont one decion marquiée pour
1379 1438 1697 1461 les Tecrueu qié en cont inpinimert plais dt¬
1374 1450 1696 1473 teintes, proportlonneileent d leutr nonm¬
1374 1463 1588 1486 bre, quie les dncteré, oldués.
1387 1478 1696 1502 C’est un fait consinnt et des mieux de¬
1373 1493 1696 1519 montrés par les Ettlstiques : il s’ſpplique
1373 1507 1696 1533 tout i la tuberculose pul¬
1372 1523 1442 1541 mondire.
1719 1438 2034 1462 Enfin, on compte beoucoup tron de d
1706 1453 2041 1476 cés por dfſectons pulmoncires. non tu
1705 1467 2028 1491 berculeuses, our pripe, poutr pleurésie:
1704 1482 2041 1505 trop dussi poier ruteole Serlotine, rhiui
1703 1497 2031 1521 mctsme rtleuloire, meniniieeeérébr
1704 1511 2036 1535 spindle, toutes yecttons ourquellés Suc.
1705 1526 2037 1549 combent de préférence les Soldats.
1388 1570 2048 1622 lE8 lPUSOlllfI8 t unolE1
1407 1661 1663 1694 Le D Chantemesse
1519 1700 1643 1721 qui
1371 1719 1686 1749 Fur DE L’EoEre
1479 1746 1693 1774 PAE EU PRocEs lpe
1521 1779 1542 1797 ae
1379 1800 1686 1828 donne l recette des bone gteux
1385 1843 1694 1867 A la sulta de la tragique aventure de
1371 1856 1694 1882 Cholet, qu couta la vi aroomes
1371 1872 1694 1898 empolainnées par une e eréme ryalo n le
1370 1886 1694 1908 docheur Chanfemense fut chargé do l’en¬
1371 1902 1694 1924 quete acientifque, et c’et le Tultat de
1370 1916 1695 1940 ces. rechorche qu’il a préoent, hNr, à
1370 1930 1559 1952 l’Académie de médcine.
1384 1945 1693 1969 Les prétendus emposonnemonte furent,
1369 1960 1694 1983 en ré, provoqués par un ie bacille p¬
1370 1975 1693 1998 ratphonde du grupe Gttz n, que l’on
1370 1989 1709 2012 netrouva dans la rmm t dans lu aang.
1370 2003 1672 2023 des vietimes.
1384 2018 1694 2042 M Chuntemesze a préparé da¬
1369 2033 1694 2057 borutoire pluoiours compoters de l ter¬
1371 2048 1695 2071 rble créme royalo n e a recou que
1370 2063 1695 2086 . loite creme, vvie à Cet, & heures
1370 2078 1694 2100 apres a préparation, et té aboobés ai¬
1369 2093 1694 2126 D’ fdte, ol n’out pas lait l moindre ve¬
1384 2121 1693 2144 Mas comment reme, abord moi¬
1369 2135 1695 2159 tensiv, devent elle toxqus P Prédaément
1369 2151 1694 2173 e vMolosant. Contanée par daut de
1368 2166 1693 2188 propreté du prépamaour, elle contient, i¬
1368 2181 1693 2203 lot raite. le microbe. Mais i faut qu oe¬
1367 2195 1693 2217 lui- aſt le tmps de Sréher a toxine et
1367 2209 1696 2232 de e mulupler. En Comorvant bm
1368 2223 1693 2247 en lie Cos et chaud, Il Ey forme uo-eul¬
1368 2238 1692 2261 tui abõndande du Bacillo, ct o deviénl
1369 2254 1566 2277 de lors mortoo.
1383 2268 1576 2288 Et ’ou vient le baiil?
1384 2283 1690 2306 M nabeeos montre expénmonta¬
1368 2298 1692 2320 lement qu’i ne peut ’agi d’une cutam¬
1368 2313 1692 2334 nation ordnai A Cholet, c’od c uii¬
1368 2327 1692 2350 nibre mme, uteur du gatoou, qui le con¬
1367 2342 1692 2364 tamna. Cette hruve femm avait j pro¬
1368 2356 1692 2379 voqué. nnonemment oœrts. n éidé¬
1365 2371 1689 2393 es, pendan les dix années précédentes.
1365 2386 1703 2410 Ceo rave Iomme, inuliorumen dan¬
1367 2400 1691 2423 gerou, ne brt auau enn net, que ce
1366 2414 1691 2437 qu s ’uvatts appollont m u porteur de
1367 2429 1691 2451 hocilles n. Ces portoms, jouiant d’une
1367 2444 1692 2466 moxplieable mmunié, repandent antour
1367 2457 1691 2481 d’eux les gemmess de la mor, et les exer¬
1366 2473 1688 2495 plo en ont malhoureuement fréquents.
1415 2494 1641 2519 La creme royole en IS0.
1380 2516 1689 2539 Par un retour en ani plein d’mbret,
1363 2531 1688 2554 le docteur Chantemee évoque la agi¬
1363 2546 1691 2569 que: histoiro de Me Lafarge, condamnée
1367 2561 1689 2583 en i pour avor monmé aon mar..
1363 2575 1689 2598 avee un gateau à la créme Or, o& gateau
1366 2590 1690 2612 fut concommé par le malheuneux Lafarge,
1365 2604 1690 2627 pludeurs heures aprs Sa préparaion, et
1366 2619 1690 2642 es troublas pathologlques gnalés a pro¬
1366 2634 1670 2657 ces rappellent de lrés pres ceux préem
1366 2648 1674 2672 pur les viefimes: de la noe empoisonnea
1452 2667 1604 2691 La bonne recette
1380 2690 1689 2713 Pour conclure, le oavant nqqueeux, le
1367 2705 1689 2727 distangué hatirlologue qu’est le prures¬
1366 2718 1688 2741 eur hhnmoém s n I rooetdo d
1365 2734 1689 2757 pafait gaboau à la créme, du gateau qui
1365 2749 1688 2772 n’empoisonnie pas; la voici intgralement:
1420 2768 1652 2788 Aâtetux à l peme ne oivent,
1411 2770 1689 2804 ge u, tol on au
1378 2769 1413 2789 Les.
1365 2782 1418 2803 Draai
1802 2229 2009 2250 Mme LAFABGE
1708 2243 2031 2272 En bss M. e projesseur axrEESSE
1701 2268 2048 2292 lrals, bien. mrés, et n’ann, prr miouei
1701 2273 2045 2313 deſ a eaiuries io aee
1720 2295 2024 2316 n Les jaunes doleet Eue mélngés a lait
1700 2297 2024 2330 nad tnue tein feunien ue mianuus ar Maus
1701 2319 2005 2341 pomible, an, Pue A la preparationV
1713 2331 2023 2353 SLLs FCDion qul nobilveni les eurs
1702 2344 2023 2366 launs et lnmSs! ma qe les lhuurieis
1700 2357 2023 2387 aui anous i, les maute, ceuieſe, aue, doiu
1707 2368 2022 2392 u oneeamont, lan Eulaanur
1699 2383 2028 2404 avn ubgg .E erre
1712 2395 2031 2417 Toue? ubbtanne érangre, aouiée ſen
1700 2407 2019 2429 nllo orr lEvée Drélallmmottà ’’eul iioui
1700 2419 2002 2442 ant, ou eru oillle ſgnmm. Ceaadinei’
1700 2432 2022 2463 re des rie ueuſiſg ae
1719 2445 2014 2468 ron plaes ir la Créue jaunme, que lqui
1699 2449 2028 2477 arond Plaes, a, la nes launme que lorque
1712 2469 2022 2492 S Les gtux û la cdms gemnt consemex.
1700 2482 2048 2505 dus u ’Endroit rt. A, la EAengre El Pes
1699 2495 2040 2515 Sile, Iuqu’u oõmont de la vêno; x,
1712 2507 2027 2531 o Avani de prorer à la prepretſon de,
1699 2520 2020 2542 gux i e Crpre es mahfe du cu rulais
1699 2533 2017 2554 Sro. vue, à la rroe, & iu, as tm el on
1699 2546 2020 2568 Sune Tecorers, de Ris is
1699 2558 2027 2582 res penrdant, le cous, d s namvaorns
1713 2576 2027 2598 La uiine en gan blanes! C’est le den¬
1699 2590 2020 2613 nier va than¬
1698 2605 2020 2628 ger beauoup les hebitudas . l’hôtel u
1698 2620 2018 2641 Bon Laboureur de Cholet. ¬
1694 2636 2006 2656 Pii
1650 2834 2047 2859 Source gallica bnffr ſ Bjbliothéque nationale de France
36 874 373 898 pongéa: uu iſtérente apegt çome
28 873 373 914 enetap eu s e i da g e de oele du poutrs ſil ſonl
1043 1328 1991 1360 pur la diretion di ourvioe de anlé porur , Purnmdé puoouiets ut ies u n eoiuue aonue uentr ceut ce routanons aommms
1043 1344 2001 1381 ’eiail maiſor, ſiſni uu Tiurmi ds eluie l riratoet uat foudl godeldenigul la uterepe,; di ii uaie de i ſaiorteutis ete
1043 1359 1951 1389 amiaplres pormuinente norinadl iden noloel oues etaneenpte ou auirréd a poetooit
1040 1378 1971 1412 Eride aſoe, vmitig, quoi moin, avtultelaupubritiel ien ilanie dithrende inmiterutet uei e ’eitglernd nimue ptamutuatdedudélage gte
1044 1393 1983 1421 l’ampiſon d& la lol dGe oOs s, uit l M I d . ois aoüd
1367 1406 2028 1432 lquz éépment surtoit pendont Vtioer et i: point inquiétont de létot s nitotre de t’art
