948 1566
49 612 156 634 qui ce propose
0 612 196 651 ee ereoa re dlorle.
16 1356 169 1380 A Vienne le q juin t
24 217 438 245 mmamrs le niamnmaus de parimeis qui ernore udir der gieſ?
11 237 209 259 a de rô d poue trois mo, Sr.
11 249 214 273 en mairr. llrri g Eaii?
11 259 379 285 pe pr. , D erdur di Ne de Vauairm e
235 235 339 256 aix mois, e a.
281 60 781 147 NSSIrUUIOONE,
247 150 735 212 AL POLITIQUE ET LITTERAIRE.
336 233 448 255 pour l’auée. Ons
726 135 819 165 2Vl
743 205 859 222 m,4
455 218 848 241 mer, et leu avis qui pourrnt. intéreuer la puhlie. Aa pin du dourus
435 216 859 252 amer ta lu aviu qui prmront unbe vur le palde le uii dey lonroues
228 243 859 276 d at hua les irctur ds uaena des dMp-mmr T Lax letrun pauats a rgruu ooleett trr arruésé raaes
12 273 860 297 ..........b. .oo .u’. .u.. ... oo . . . .... ’m uo¬
133 307 308 333 EXTERIEUE.
175 327 305 357 BAVIERE.
121 350 299 374 Miee, iepiembre.
29 366 429 396 S. M., pur un déert du a noat, n urdonné la fon
27 381 406 412 as del polyuunmique e
7 402 403 428 Rouirbonne, y septembre.
8 419 398 452 SA R le prince enni drruus eut arrive iei aan
15 437 431 464 aez M le lieuénnntuconel o sudde-ennup de Layel. Ce prince
16 455 359 480 ’conlinué hiur ra roule pour Slubourg.
166 475 279 499 ALLEMAGNE.
136 494 311 519 omboun, etombre.
33 510 425 539 S. Ere. la cbevalier angemann Buygens, minisre plemi¬
17 526 432 558 podenuire de S t lee oi des Payrus, t purti pour aer
17 546 244 574 paser quelque tenps en olande.
34 558 433 585 On aeen i daus la voirée du to le feld-maréchal priuce
18 581 216 603 Blucher.... ....
34 589 434 617 On und vuui dau lle de Laland S. A. le prince de Marden¬
177 605 434 629 ler ſaire une viile à ton fls, le comte
35 636 434 664 On mae de Panlet que, conſormément au tentuiment du
63 651 435 679 nas de rauentein, on fait le ao aout l’inuuuraion de
19 667 435 697 rlpiual ae de la cduqpelle ls Aae. a ont aiudià P’atice dirin,
20 682 441 717 qu z e uiti ’un TF Deun chrué an mien des alves d’ar¬
20 707 74 728 llere.
111 717 315 747 Prmeſor, te aoptembe.
37 735 436 765 on-ueulnent le aénnt de notre rille lhre ai té nunmenté de
21 751 436 784 ame marmi le dMiul rir ni ies eroiditi pripr ati
21 767 436 800 unr e cuie dletonil is,i daus le que
21 783 436 812 , veu lauor, de aouvaux hourguemeea élus, dla
21 798 437 829 auribuion dea emploi de la vile a due file entre les ditiren
22 814 437 845 mneulous lu enut Parlil, on s aibdtit, utant qu’il euait pa¬
22 829 438 860 nnme l iire juqu iit, à u qui aur preuerit pur l’aeue auprfle¬
23 846 438 875 menuire de onatitution, qui a ét acepté à la aunjorité des
23 865 391 892 toix, e enouite prooluté come loi.. a vi.e l Intie
39 876 439 909 Cs jour doit iurpirer unt juis d’auana p pu ire l oui les la¬
23 893 423 923 ouns de ceuu vile ſaire, qu’il y.r eu lier- dir anut, la vile u
24 910 354 938 com ant toun lu ſorce des curccntanoes, a éié peun
356 912 408 929 ice au ci
23 923 439 957 ont prine  prinut de la conmidrdéuiiur du nlin, en qualiui de
165 955 440 982 ral d’inſanterie Boslopsclun est arrivé hier
41 987 441 1016 Le nombre des étrangers qui nrrivent iei journellenent cue
25 1005 441 1034 rtmadimuire Lier, on en nnppai plus de quaur venie Prani
25 1019 441 1051 ermruels de premomne de dilinetion; ces deruirre toit
26 1035 441 1065 veues er ee y rie pour entendre la céiéebre cantaurie
26 1057 419 1081 Ms Catlani. Iavvm de la di¬
42 1064 441 1096 n n’eu pas quetinn en ce moment de l’auverure de la diiue;
26 1082 442 1114 aen qenaral la polirique paralt dhet mous dans vne enuitre au¬
27 1099 379 1130 uiou, nous aeene oureils iauéreattile,
43 1111 443 1141 Motre ſoire onioure d&’ute uauvmie; len Anglais vendent
27 1129 443 1157 uirs mur tout prir. Les denréies colmmiales aont vou¬
27 1143 444 1177 lour uu lon mr hon en ret l n arrnncre, les dipes le pis lediprre.
28 1159 444 1192 ooiles a vie auponentient de jour ma jaur. Sin iree de poie,
28 1177 445 1208 tpauleut eucort bien mnraient il lartotuen coie
29 1190 444 1223 tontons mon e ’ dde der ue ven d d d aas loiii al le
29 1206 445 1236 onnaoun, puule de maveue a hanud aulitemen d, Su riddler
29 1222 445 1252 nen, e, peux de venu ont amgmmené, depuis la ſoire pasée,
14 1284 447 1318 aaion des pe rs qui lii ont déprieter
31 1300 447 1330 mens l a rrre, en vern de la couvention coutelueà Paris en
26 1315 448 1346 moev denle as, os, lu condtion, ienmoint du renrplr les
31 1330 449 1365 aement cipulds paur laruiede ſp de lrele de orurie die¬
174 1347 449 1376 Es, e yant, en enéeuéouu de r
157 1362 449 1393 savt uour les droius dle ourmineié et de
32 1379 450 1414 repetl, à’S a& La lardomure de eue lmibourg le detmeon
32 1400 387 1427 i denous du département de la Sare, auvoir VMut,
33 1409 451 1442 dn a le Peuue par ’ariele a de.
35 1426 451 1459 eeve dn emeré, e& la endroius uu armndeel, Seelerdael,
36 1441 452 1474 ourmdefe onton de drondtrs, le
36 1457 452 1491 oumi on erips de ves pleintepouniii uo m de de S .
36 1475 453 1505 Ie nu e, di penue, par les prérentes, outes les uular de
36 1492 453 1523 ndimininrailes, ainsi que les fonctoonaires ecclééaauiqueetet ¬
32 1376 117 1397 angagemens
296 1395 458 1417 auvoir: tout le canton.
469 301 858 331 A tous les eujeus, de leurs levoin et obligatons comme tele
495 319 859 348 oi de Pruas eai pénd’une vire orouiaiannc ppont
485 334 860 363 ius e l’iucueiment que les hraves halilaus de ce pays lui
443 349 859 379 amt miantrés, aini qu’i amile, ex en e voyant ſuriie?
444 365 861 394 cetus reparaion par l néccité de conuervur a aus daus les ar¬
444 380 860 409 Ees de département de la Srre qui sont contieues l on terri¬
445 396 859 425 toire de ce cié, S & Forne les voux les plus ainceres pour le
444 412 861 441 bien d’un pays dont les bbbians ont prouvé, par leurs diape¬
445 417 860 454 atou, qu l r auremua pra mains de ilié e& d’hra eure mour
445 444 785 473 SAA le landgrave de leue ombourg et a ſamile,.
462 459 777 484 i Emneſort-aur-le-Mein, le o ceptemhre ri.2
516 474 861 504 L uron de Sonumaaoauxmmoure, direeur de la
532 491 861 518 régence pruienne de Coblene, i i division, et
533 505 801 531 chevulier de l’Aigle ouge de la à latte.
614 527 693 546 ITALIE.
592 546 713 570 Naples, oot.
460 564 817 590 S , le aaroule, minittre des celatooni nrtérimmea.
448 577 841 603 mu noiefaur miaaireus arangere, reuivemeutl lu preutntlen den Mroi
448 589 856 612 eaine Lurt a de l’ate du ogrs, dont les Amérdninn parmlment vnu
448 602 861 624 lr meiper, e aripole que pour leis, et ne penx, pur unulgie,
547 615 862 637 oyuums dans lequelſa jes mur orus légliſnes nunt re¬
495 627 863 652 eeaot pas arribleudeeu act de vidlumen ereu, pnniami leuri¬
500 640 862 672 a dirnper out epe le Pmaaudaitaie qui eer.
463 653 863 689 ar e oe d de ge eie u re ea eea maprere
463 677 745 701 dn’ eerboon atre pourermenent a mis dausl
449 690 690 712 oue et lr digiié cnmpaupbble nrec l’ho
449 702 752 725 e . Pichouy cont pl mdérdos depuis quelque¬
450 715 759 746 E auia ’u arrs auis ler laus rieouadiag pei
477 726 803 752 Edi itre déu tnlrés par le eule volnate d ne puitgmee
461 739 864 770 xalutritraile is ’ erimres dou e paiſs qur ’a rieins eu’it dle
448 743 864 776 PS moutitoes ir d le le gerori gaus moaele ’imrideinedae
451 763 864 785 de t lu lu Fran ſl oa aunet des repréontarions ſandéer L’anele de
451 776 865 809 um is lE i tui eririe dus vuereraig, ea ruin duu
450 788 841 809 moiis que pan eu. Motre rauue ent cnoquéenmue, &t la Prétenton
451 788 866 822 Ediu qus Rer euns ito re aur ae onmrie eoe, eu la mradimuin de
463 815 729 835 Le ſeld-nur déelul ole Nygent va parair pour
452 826 813 849 paéalt phon en publie vmi à la caur qu’uvee l’uniſome, aupiaii¬.
459 838 866 864 aMons ailedmdns n nero e de laires Amnmt air
452 843 867 876 riae imrare m e da gus erlu mrenrur rat re air mre mdte
477 865 686 888 ibles Nons nous refunns toujourz au
453 877 686 899 ie aiin aidge micile, fuihlement à la.
453 890 582 911 ouiont pus uudne dus
766 696 863 719 re pure e
781 705 864 735 Oe pedr de
698 863 786 881 tubliaement les
698 867 800 896 a l’orite dlesji,
695 887 798 913 alilil, ea il eu , Er
597 893 640 910 ea payn
556 942 768 963 ROIAUME DES PAYS-BAS.
567 962 757 986 Luxmboung, aeptmmn.
469 980 862 1004 Ia cour d’atiss a condamné bier en cete ville, à la pein
455 996 871 1024 pitale, les deux ſrares lircbauuir, juiſs, convuineus de l’ar¬
455 1012 871 1037 nuinnt comms ii le y avril ur la veuve Trauncb, va filee
456 1027 871 1054 e ves deux garçons, de l’age l prés de neu à dix ans.
456 1043 871 1071 des trands coupables aaient éé arreues par la maréelbmauuée
456 1058 875 1086 quelques heures aprés la découverte de ce grime. dn troinée
452 1075 872 1104 jaiſ, impiqué dans cus aſuitul aauiité. Ceute cauea
457 1089 872 1118 eé uivie ave un grand intért ur le piblie; les coupable
458 1107 873 1136 n’ont ren avoué. On ignore encore s’ils ce nt pourvus en c¬
458 1128 494 1145 tiun.
577 1138 755 1163 Chorderoy, t epenbre.
474 1155 875 1182 Le 3 de ce mois, il y a en iei une céréronnie trés-intére¬
459 1171 816 1197 ant. S Ere, e lietenantgénérl hron rr yenhoir,
459 1188 796 1215 tenr umémér des foruieations du royaume, a pous,
459 1203 876 1230 S M, le roi, la premibre piurre des nouveaux ouvrages des for¬
460 1219 875 1244 tifioarions de ceie ville. Les gméroux, les oſciers aupériour,
460 1235 876 1259 letinnnaires civlls et militaires, ainai qu’un grand nombre
459 1250 837 1279 de eun des deux ees, nasistmient à tte volunnité.
596 1281 744 1310 INTERIEUR.
585 1307 755 1331 Tououse, to septoembre.
478 1324 878 1351 Dimanche dernier, une cérémonie touchante n en lien dans
463 1341 878 1369 la empelle dens roligieuaes de la Viouation. Une dame veuve d’un
463 1357 891 1383 aneten cnneiller au nénéclal, et a ille, Agée de dix-ept ans.
464 1372 880 1401 ont pris en mame tepe le voile, i les traptoges d’une lortune
464 1388 880 1413 Lonorahle. ni la conaidérauon dont alles iuient environnées,
465 1404 882 1432 n’ont pa cbranler, leur deurmination. Eotralnées, par leu
466 1419 882 1449 pité, eues ont cidl oue deux aur impiraions de leur ſer
466 1435 882 1462 veur, et elles us pout uirées ave joie d’un monde dont le¬
466 1451 882 1476 vaniles n’ont pu les aéduire, et ou elles ont laiué l’exmple ne
467 1466 881 1491 laun verlus u le aouvenir de leur beauté. M l’abbé de Carmbon,
467 1483 885 1512 prennier vieare généril de Mi. l’archevéque, a prédé à ceta
462 1520 594 1538 .
550 1540 947 1565 Source galljca bnffr!Bibliothéque nationale de France
29 1240 451 1268 A ai rird, et maintenant tai le quiuial..
46 1257 433 1287 on vient de pallier ie la piece auivare ,ninet dernier, ps
33 1269 447 1301 V e n as vreil urie, le Ir juler dier per
453 901 867 922 Ii la huile de lur rnhliement denil ecore in purto, elle n’en rtruit pr¬
466 913 868 935 Lu iee de ’tte vilu vient du prenlre des meupren ponrt updtr de¬
454 925 849 947 Aé ins d’enrdlar dans aus poris den colonirues pour les Ea-Epi¬
