2048 2757
84 809 391 835 Joui eir. AAT COAD,
192 855 358 880 Poria ſ ſerier 1916
65 882 389 948 L journée
84 977 390 1000 An anl den lalalntra, M. R. Re¬
67 993 390 1030 Eve ns a diuaina a nururs de
69 1008 391 1033 ne veiee ou rogrd des
65 1024 260 1047 n de ae ſo.
85 1041 391 1065 Sue dande de iianl, le Con¬
67 1057 390 1082 a cupéreur de l’Hatrueon publque
83 1074 390 1099 quaé-la: modiſtedtdon du décret Bar¬
65 1091 316 1114 qû r-les manels aolatren.
65 1107 390 1144 aa a r r ma, e
65 1123 303 1147 quu parde pnolp;
65 1127 390 1163 z s x a aHle ertr
66 1155 306 1181 Aa le uhnl d co mnnncle.
216 1172 384 1195 .
65 1187 390 1212 ca GEar -va ere appale ts pro¬
66 1204 391 1231 ae r nanas d’auomatoz
68 1220 390 1244 t Conpréaaons. Le gouvornemont s
68 1235 390 1260 aandt el dons un ii durrralõ.
83 1267 391 1294 as du buaqet n’acoumulont
65 1284 211 1306 t uas btt oltb.
76 1301 390 1326 nrut aatſſn, aprbs avr Al uvec
66 1317 391 1356 a ae ar utua ez as Gtnoux
64 1335 349 1358 d’é ppé preuu cuns dat lu
65 1347 390 1375 ru, & d l babee¬
54 1384 390 1435 a irauit, ia aier me n au prue
101 1413 390 1438 ipt Eur a revon, e Ent a E¬
62 1429 295 1454 ueurd’l . it.
211 1447 234 1470 2
84 1462 390 1492 E o re e la au
114 1479 390 1503 n ’on, toun aujourd’ut, mari,
149 1494 389 1524 M drdo o r Cront
67 1476 114 1516 1
118 1494 141 1516 e
65 1510 315 1552 u aum
65 1531 390 1550 aa Pd ade ulns uvoyer
67 1531 390 1569 uaiaanie cu, uirmaut rer¬
67 1558 360 1582 Mlmveuſnns Mõnddee  ¬
66 1578 237 1599 .
81 1591 389 1616 L rone du nabre a pr, ale -tAi,
126 1608 389 1632 ponneadon de l’Alane-Larraine
64 1623 280 1650 ven le uoevan mleubro.
66 1640 390 1680 ad promonad, ann, dans la
65 1671 390 1697 t du Lo, le rt den ooxa lau
67 1688 389 1711 tai udus a aharal et d’ent motur le
67 1700 389 1729 . om ut st d-o, nixs Eruxté
218 1723 239 1743 0
227 1736 389 1757 ruun uu de co¬
66 1510 128 1534 1
84 1800 389 1825 Cont la t qu’rnn ppana cora roeu
100 1816 389 1841 I lod ot ll prora
72 1832 253 1856 l curann d’Albanle.
216 1850 239 1871 2
66 1864 389 1887 Le neuveau lalatdre anddls ent con¬
67 1880 390 1905 en ous ie prénldee E . Ea¬
66 1897 325 1925 mranjol, I bral et illtarlate.
84 1929 389 1954 Len aldemands pronnont
66 1946 389 1970 ittmn pouitlon contre la déooratde.
83 1964 389 2015 aPm. u ula a ie crruerare
66 1993 389 2018 ranon d’amonde pour lcorre¬
67 2010 224 2034 n parſmnntaire.
66 2108 336 2135 .Bucqos açals à Roas
80 2129 389 2154 Pr epeee de notre correspondant por¬
67 2144 218 2167 ieuerr, I Jéorler:
82 2163 388 2187 Mu e&ipſer a té repu lundi 1e re¬
67 2178 389 2202 vr par le Souvoruin Pontire. On vail que
67 2192 388 2227 te ſe de Turdes preiare.
67 2207 389 2231 gvoe le Comi loonl qu’il n conlitué, le
67 2221 389 2246 Courea proubin mlornatlonnl vucharia¬
67 2235 202 2259 iqs de Lourdo.
83 2263 389 2288 Mr de Ligonnes s’est rendu à Rome où
67 2279 390 2304 E reoortrn vvo V . . Gely t
66 2294 187 2317 r F¬
65 2341 388 2385 Mr nr re Eunt
66 2379 374 2419 Cofseaton de deux chapelles
80 2414 387 2436 Le aininotôre des Aftaires intérioures
64 2429 387 2452 ven do derendre aux entholiques rusues
64 2443 387 2464 de Fs orionlal de odlébrer le pervice divin
65 2458 390 2493 au e, e aus doux elauouieus de ieue
65 2475 387 2496 groupe, e’eat--dire du groupe catnolique
65 2475 387 2510 upes & el uidia u eoue
65 2501 387 2524 oet ordental lſe
65 2516 389 2543 auy, pn ts abquentréos par le guu¬
65 2531 387 2554 vernement. Le Saint-Synode ’eut opponé
65 2545 387 2567 abuolumanoe de ce mouvement.
181 2565 270 2591 A l’école
70 2587 388 2616 .. aouard iiolajun, curé de
65 2606 388 2631 oremetouyacuyena, trois ſois juoé pour
66 2620 387 2643 ivoir ea les purents calholiques ns
65 2635 387 2658 pus envoyer leurs onſants à l’eole ortho¬
66 2649 387 2672 uxe, et condammé par le tribunal de Hijev
66 2664 387 2698 à ioux mos e pr ſoou, cu ’er ſiul pyrnt ie
66 2677 388 2701 aniios pur le datt Vemt dd purger an
66 2681 315 2716 z & u à danbbs
672 292 933 315 Tro I Un nsaie.
595 307 745 329 -, an aun.
414 319 934 350 e & i E u a u & daunuC’ ve
400 362 611 455 pus
433 471 721 548 lul ſ
404 561 720 588 oux de nos leleurs que l vie a ſavo¬
396 578 720 604 ridd ont-ils doutés prroin, on buver¬
398 595 720 620 eant les raubourgs de nos villes ou lu
397 610 720 636 plupurt dos uglomérations ouvriéres, de
398 627 720 652 corfaines misbron qu’ls cõtovaiont?
398 643 720 668 Dnt-ils congé à coui: Une hausce
398 659 720 685 énorme des loyors, non pas seulemont
398 675 720 702 des gros, mais des plua peits, s’osl pro¬
398 691 720 718 duite en ces demieres années qui a dé¬
398 708 721 734 pousé i6 de Ioo à iio et 6 go, à
398 724 721 750 Purie, pondant la neule année loil, pour
398 740 721 767 les loyors inrieuns à o Iranes ? Ont¬
423 757 720 782 songs à oe qui devait s’ensuivre lata¬
398 772 720 796 lement: I’ontussement d’ue immonne
398 789 720 816 populaion dans des bouges inſeetes,
398 805 720 832 dans, d’innombrables audis, tout le
398 823 708 847 moins dans dos piéces aboolumont ii
396 838 720 862 suſfaantes pour le nombre de leurs habi¬
398 854 720 881 tanta? Ont-ils congé aux efpoyableu on¬
397 872 657 896 aéquonncas d’un tel phénomena?
414 887 720 913 D’une enquete réenle faile par le mi¬
397 903 720 929 aitre du avuil, il réaulte que la popu¬
398 919 720 945 lation des logemonts d’une Seule pire
398 935 719 961 dons les tilles enquétées représenle l c
398 952 720 975 de la population totale de oes villos ! t
398 968 720 994 e chiſtre de u n’et qu’une moyenne.
398 984 720 1009 ln réalibi ost plus disolante à Haint¬
399 1000 720 1025 Itienne où la proportion eat de O vé. au
399 1017 719 1043 Puy 2 6, à Paris & à E Fougéres
398 1033 719 1056 a8 , à Concarneau o. Da celte méme
398 1049 719 1075 enquéte il réaulte encore qu’il existe on
398 1066 719 1091 Pranee des milliers de logements ou¬
398 1083 720 1107 vriers sons ſenetre: V Angers. o u
399 1098 720 1123 Nantes, & à Bourges, O B Bres A à
398 1115 719 1140 Toulouse, qu à Bordeaux! Il n’est pas
398 1130 719 1156 abaolument rars Surtout, de
398 1147 720 1171 trouver des ſamilles logées dans des con¬
398 1163 720 1186 ditions véeitablemont acandaleuxes: à
398 1179 719 1205 Grenelle, 8 porsonnes dan une pibce de
398 1196 719 1220 M meres cubes loués od franos; ue
398 1212 719 1237 Palguidre, personnes dans une pibce
398 1228 719 1254 de motres oubes ou jamais ne péntre
398 1244 719 1269 le aoleil: dans le arrondisnomen,
398 1261 719 1286 i peorsonnes dans une piéce donl
397 1277 719 1301 l’unique ſenetre donne eur une courele
398 1294 719 1317 plene d’immondiees.. Et nous n’avons
398 1309 720 1335 nus choisi l’exemple de quartiers où la
398 1326 719 1350 populahon fut purtieulidrement dense.
398 1342 720 1368 Un drnier doit Aroir, à
427 1359 721 1384 i, uior’ui, pra de o ouo pr¬
398 1373 719 1400 onpn vant on éat de ounouplomon!
414 1391 719 1413 La réaultnt ? C’et la tuboreulos xxr¬
398 1406 719 1431 çant d’effroyablos ravages dann les lau¬
398 1424 720 1448 hourgs ouvriers, les maladies contn¬
398 1440 719 1464 gieusas s’y développant avec une terrible
397 1456 719 1482 rapidis que ne connaissent pas les quar¬
397 1472 719 1494 tiers où vivent les rohos en des malsons
397 1488 719 1513 baignées d’air ot de lumiere. La nsullat?
398 1505 719 1531 Ce ont les tamilles nombreus con¬
399 1521 718 1546 damnées, elles qui ont ſait leur dovoir, à
398 1538 719 1562 une eſtroyable exislence, matbrielle ci
398 1554 718 1576 morale. La réaultt? ost l’onlant vou
398 1571 718 1595 à la rue s ou passe le ruisseau n. Ie
398 1587 719 1611 résultat ? C’est le caborel rempli par
398 1603 719 1626 ceux qui ſuient un logement vraimont
397 1619 718 1643 trop inhospitalior; c’est le garni ruineux
397 1635 719 1660 et pourvoyeur du vice qui rgoit les mal¬
398 1651 719 1676 heureux loujours plus nombreux, dont
397 1668 719 1691 on ne vout plus ailleurs; c’est la famile
398 1684 718 1708 nans foyer, c’est-d-dire aans possibillé
399 1700 724 1723 de développemont normal... Le réaultat
397 1716 718 1740 anſin, c’est la vie d’un peuple immense
400 1732 718 1754 contaminés à Ses couroes et vouée aux
398 1749 542 1773 pires déchéances.
413 1782 479 1803 Il n’et
546 1766 569 1788 &
520 1782 718 1806 douleux qu’en présence
397 1798 718 1823 d’un tel péril les pouvoirs publies ne
397 1815 718 1838 peuvent pas, ne doivent pas reater indiſ¬
397 1830 718 1855 ſerents. Il y a d’abord des mesuros d’hy¬
397 1846 718 1870 gibne à appliquer pour metre un terme
397 1862 718 1885 à cortains abus inlolrables. Il y a Sur¬
397 1879 718 1903 tout à promouvoir, à ſacililer la cnns-
397 1895 718 1917 truotion de maisons à bon marené. I
397 1911 719 1935 législalour Irancais est entré hardiment
400 1928 718 1952 dans celte voie; il déjà réalisé uno
397 1944 718 1968 ouvre importante, si importante même
397 1960 718 1984 qu’il devr se garder maintonant de vou¬
396 1976 718 2001 loir la compléter trop e trop vite; nous
396 1993 718 2016 espérons aussi qu’il se montrora hostile
397 2009 717 2034 au principe de la taxation des loyers
397 2026 529 2049 qu’on lui propos.
413 2041 718 2066 C’est aur l’initintive privée qu’il im¬
397 2058 717 2082 porte désormais de compter le plus. Des
397 2074 716 2098 moyans d’aotion puissante ont été mis
399 2090 717 2114 ontre ses mains; qu’elle en saohe faire
392 2106 448 2133 pront
413 2123 718 2147 Los capitalistes qui sont au large de¬
396 2139 718 2163 vraient oollaborer plus eſſeotivement à
397 2155 717 2180 l’ouvre ai utile et si urgente que pour¬
397 2171 716 2193 ouivent les Bociétés d’habitations à bon
397 2187 718 2212 marché aujourd’hui répandues gur
397 2204 717 2228 presque tout notre territoire. Là où ces
398 2220 716 2244 Sociétés n’existent pas, ils devraiont ai¬
399 2236 718 2260 der de leur argent et aussi de leur dé¬
397 2252 717 2278 vouement à les eréer. On peut ſaire rap¬
397 2269 718 2294 porter, sans grande diſſleulté à l’argont
397 2285 717 2310 placé dans de telles Sociétés le plus cou¬
397 2302 724 2326 vent ou et parſois jusqu’à à e
397 2318 717 2340 C’et un intéret ansez modeste aans
397 2334 717 2358 coute à notre époque. mais non pas ne¬
397 2348 717 2375 ligenble, ot aûe. Cete considération,
399 2366 717 2391 ajoutée à tant d’autres déjà développées,
396 2383 717 2407 et plus valables à nos veux, pourrai!
397 2399 717 2422 rendre les partiouliers moins hésitant.
399 2415 716 2439 qu’ils ne sont aujourd’hui à donner nn
396 2431 716 2453 concours néccssaire à la constrtetion
396 2447 717 2471 d’habitations ouvriéres qu’on eat en ca
396 2464 716 2488 moment forcé d’imputer aur des ſonds
396 2481 716 2505 publies. A ceux qui se laisseraient ton¬
396 2497 716 2521 ter por cette bonne ouvre, nous pensons
396 2512 717 2538 que les divers Becrétariats sooiaux, et
396 2529 716 2551 notammont le Becrbtariat socinl de
395 2545 717 2569 Paris, b, avenue du Maine, donneraient
396 2561 595 2585 loutes indiuations utiles.
411 2577 716 2602 Il faut seulement beancoup de honne
396 2594 716 2617 volouté, suſſlsamment de ravoir-ſaire et
397 2610 716 2635 un peu de temps pour créer et raire vivre
396 2626 717 2650 une noiél coopétative d’habitations à
396 2642 717 2664 bon marehé. emblable institution est
396 2658 716 2682 inléresaante à plus d’un titre: outre
396 2674 716 2707 u’ ile, ne mise, de
397 2690 716 2715 onds conaidérable, et que l’Etat, por les
760 311 933 331 M : .
728 381 1051 406 prts importants qu’il consont à des taux
728 398 1032 435 tts, Etuiu, on aonui Pyuiumaae
728 414 1050 439 développement, elle implique de la purt
728 430 1050 454 des coopératours actifs, des locataires¬
728 447 1050 471 nequreurs pour employer un lerme con¬
728 461 1051 490 Saeré, un etort d’ivonomie peraéverut
728 480 1050 503 d’une haute valeur morale. Aſoutez qu’au
728 496 1050 517 ain des Conseils d’administion lar¬
728 512 1050 536 gement ouverts aux ouvriors, coux-oi ap¬
728 528 1049 552 prenment l’ordre, la peudonce el le com¬
731 544 1050 568 plexité d’une aſfaire ſinnnoiore, qu’ils s’y
744 561 1049 585 itient à lu pratique de cete rare vertû
729 577 1023 600 qui consiste en la subordinelion de l
730 593 1050 617 féret portioulier A l’intért énéral. Enſin.
728 609 1049 633 dans la cummunauté des aspirutions, des
728 625 1049 649 besoins, des oſtorts, lous los coopérateurs
729 642 1050 665 prennent conscienee de certains devoirs,
728 658 1050 682 du certaines nécessités que l’égoïsme de
728 673 1050 699 leurs couels individuels leur avait laisss
728 690 1050 714 jus que-là ignorer. Saus parler des avan¬
729 706 1043 731 tuges qu’ils reueillent d’ore logés cho¬
729 723 1050 744 cun chez uoi! On aurait d’utiles renaei¬
729 740 1050 763 vnements aur les conpéralives d’habita¬
729 755 1049 776 tions à bon marché au Eocrétariat du
728 772 1050 796 Poer lorrain, rue de la Pépiniére. à
751 791 789 812 nuy.
778 805 1049 830 .Lardeur-Beequerel, 8, rue Baint¬
729 821 1049 844 épulere. à Saint-Omer. dirail volontiors
728 837 1049 861 tout ce qu’on peut attendre des a Sociétés
729 853 1049 877 de crédit immobilier n, pour aider, dans
729 869 1050 894 leur erort, ceux qui veulont devonir
729 885 1050 909 propriétaires à la ville comme lu
729 902 1050 938 iampagne, pour leur, ſonmmie, uoyuetn¬
731 918 1050 942 nant certaines garanties, et avec toutes
729 934 1050 958 les facilités possibles de payemont, leë
729 948 1049 972 Sommes néessaires à la rdion d’un
728 967 775 987 t l1¬
878 985 971 1006 4
745 1000 1050 1022 Mais, hélas! il a té aurabondamment
728 1016 1049 1040 démontré par M. Foureade, notamment,
728 1032 1049 1056 au cours d’un réeont Congres diocésain
728 1048 1049 1073 de Paris, qu’à cté des anlutions, qu’on
728 1065 1049 1090 pourrait dire socinles et que nous re¬
728 1081 1049 1106 nons d’exposer, du proble du loge¬
728 1098 1048 1122 mont ouvrier, il faut se préocouper des
728 1113 1049 1137 colutions charitables. En effet, si l’ouvrier
728 1130 1049 1154 qui gagne un salaire moyen et qui n’e
728 1146 1049 1169 pas plus de deux ou trois onſants trouve
729 1162 1048 1186 à se loger dans cdes conditions à peu prés
728 1179 1049 1203 normales. cela devient une impossibiliſé
728 1194 1049 1219 absolne pour l’ouvrier chargé de famille
728 1211 1050 1238 qui ne gagne pas un aulaire blové. Pour
728 1227 1048 1252 nelui-l, Il est indisponsable que les
727 1244 1049 1268 œuvres d’assistance viennent compléter
728 1259 1021 1281 l’action des Sociétés d’habitations
727 1276 1048 1301 hon marehé. On peut alors s’inspirer de
728 1292 1048 1316 l’exemple do la Société l’ Amélioraion
727 1309 1049 1333 du logoment ouvrier n, o&, rue du Mou¬
727 1325 1049 1349 In-Vert, à Paris, qui reçoit, dans nes
728 1341 990 1365 caisses de loyors, les voraamonts
728 1357 1052 1379 maairs payeeht u
728 1372 1049 1399 larme e fueiie e aayement px l¬
728 1388 1049 1414 milles lop pauvros pour vorcor inégro¬
728 1405 1049 1430 lemont le ſoyer d’un logement convo¬
728 1422 1049 1446 nable par un yvtéme de primes houreu¬
728 1439 1049 1463 coment combiné. Ou bien, il raut appli¬
728 1454 1048 1478 quer ln tres ingéniouse ſormule des
733 1471 1049 1495 a Grandes Familles n qui, à l’exomple
727 1487 1048 1509 de la Grande Pamille n de Paris
727 1503 1048 1527 (, rue des Fréres-Horbert, à Lovolloir¬
728 1519 1049 1544 Porpei), encouragent les chers de ſa¬
728 1536 1049 1561 milles nombreuses à passer, tous leur
727 1553 1048 1576 contrôle, du taudis dans un moilleur lo¬
727 1570 1048 1593 gement, en leur prometant de lour don¬
728 1586 1048 1608 ner, de Ia main à le moin, le veille du
727 1601 1047 1625 torme, tout ou partie de l’augmentalion
727 1617 1048 1642 du prix de locafion sur le vu de le quit¬
727 1634 968 1657 tance du terme précédent ().
876 1656 898 1678 4
742 1677 1048 1701 Voilà quolques indioations gonérales,
726 1693 1048 1717 mais assez précises cependant, pour
726 1709 1047 1733 qu’on en puisse tirer parti. Nous avons
726 1725 1047 1749 montré la gravité de la crise du loge¬
726 1742 1047 1766 ment populaire, le graxilé surtout des
726 1758 1047 1782 conséquences que cetle crise ontraine.
726 1774 1047 1799 Nous avons montr qu’il est des remédes
726 1791 1047 1816 A coté du mal. L’initiative prixée peut
729 1807 1048 1832 rendre à la ſamille ouvribre ce ſoyer
727 1823 1047 1847 normal qu’elle n’a pas aujourd’hui hmt
727 1839 1047 1861 fois aur dix et où il lui sera loiaible de ne
726 1855 1048 1879 développer dans des conditions satisſai¬
726 1872 1047 1896 santes de vie physique et morale. Sou¬
727 1888 1048 1912 haitons que les eatholiques, en partiou¬
727 1905 1047 1929 lier, ne manquent pas à un devoir impé¬
726 1921 777 1941 rieux.
968 1938 1016 1959 ME
727 1976 1047 2004 Pour déſondre l’âme des enſants
742 2018 1048 2039 L’rtei n publis les uearntions e l’Asno¬
728 2030 1048 2051 ctalon eutnoilque des cheſs de rumie de Dam¬
728 2043 1048 2063 marle-lus-Lys eine-l-n--Iame, da l’Aanoclatiun
728 2055 1048 2076 des lamilles du canton de Magron ſ’andeaj, e
728 2059 1048 2090 ir noilon ’ſu? de il dorou ſtgandieil de
727 2080 1048 2102 Motiaresles-Amlens ſommej e de l’Aoela¬
728 2093 1048 2115 lon cnels de fumille de Nangis
728 2106 844 2126 (Sene-t-Mdrne?
734 2146 1039 2176 la Semaine Sainle à lérusalen
744 2202 1046 2224 Le Comité des Pélerinaes de Terre
727 2217 1047 2238 Sainte établi à Vntre-Dome de Fronce, à
727 2231 1046 2254 Iérusalem, oroonise pour le printemps pro¬
735 2245 885 2265 hain u eroisode.
727 2266 1046 2288 Dépaet le Is mars Retour le 2 avril
727 2289 1046 2311 hord des esoaeries Moritimes (mombre
727 2303 856 2324 de places limite;.
749 2317 1046 2340 e grond attroit de ce pélerinoe sora la
727 2332 1045 2352 eclébrotion de lu Semaine-Sinte à Iru¬
727 2346 1045 2368 toleni. Quelle puissonte émotion. inou¬
728 2360 1046 2383 blinble pour toule une tie, que celle d’coir
727 2375 1046 2397 prié ou Colvaire mme le Vendredi-Saint,
727 2389 1046 2412 et chonté l’alleluia ou Saint-Sdpulere le
726 2404 854 2426 jour de Paques!
743 2418 1045 2439 A l’aller comme ou retour, on our l
727 2432 1045 2466 auiidſ ueionn dut polus our oble paur coert eis
727 2446 1045 2469 atofions principoles au PinEE., ATTEES,
725 2460 1045 2484 SuriE, COVSUTE,
726 2475 1037 2498 EAALBEC, DAMAS, MAzAE, TIE.
726 2490 1045 2511 RIADE. LE THABOR, LE CARMEL. IERU.
726 2504 1045 2525 SALEM. DETLEEM et les environs:
726 2518 1045 2541 L’E’PTE, LE CAIRE, LES PRAIDES.
727 2533 940 2555 NAPLES, PPEl, ete., ete.
742 2558 1044 2582 Demander le programme détailé et tous
727 2573 1044 2594 les autres renseiguéments au coorétaire du
727 2587 1045 2620 Comite adas Polgenagees de derualem, ave¬
727 2601 920 2623 nue de Breeuil. L, Paris.
746 2631 1046 2653 Sur toutes les iniliauves propres t reme¬
727 2644 1046 2664 der à la criae du lgeerert ouvrier, ou trouvra
727 2656 1046 2679 des ndie ailons, deialtes dans les dterres pu¬
726 2669 1046 2702 ueitniuns d& Paution goinue ues es rr ae
727 2682 1023 2702 niiineu, à Reiuri, qui ne moque Amuis
726 2683 996 2717 Aui A R, , mmin u & aumquetan
951 331 1095 350 Tar aneas
1055 295 1369 323 GOnr: Conaao
967 313 1460 340 ue yrg Pue AM A u az.
1108 332 1471 353 - en r r, Ee
1070 449 1379 474 Los iniotres el sous-aooretaires d’Elat se
1059 463 1379 490 aut runis ce matin an Conanil, à ’Elyaée.
1059 479 1379 503 tous l proaideneo de M. Raymond Poinearé.
1100 499 1340 521 es onamo œrnetrurn
1067 517 1379 543 e minlatre de l’Intrieur a exposé le
1058 532 1378 557 Mtuntion aotuelle des Conrega lons oei¬
1058 538 1378 579 naouiut de aoi ie ioil,
1065 560 1379 586 l a oumis au Coseil un cortin nombré
1059 575 1379 602 de proiuss de loi rolatis à des domandes
1058 590 1378 615 d’autor ioatlon aur lonquelles la Chambre va
1059 605 1215 628 etre apolde atalu¬
1129 628 1307 647 LEE MA BCOLAIREE
1092 647 1348 667 LE DRDIT DES pA DE FAMILLE
1076 664 1379 690 M. Vivianiviansuite ait connattre que le
1060 679 1378 705 Coe il upériour r l’imatruotion publique.
1060 686 1372 717 aiuit vuare lui drune d’emnmo dou moulilſue
1058 708 1379 734 ton du déeret du l’e juile ia aur les ma¬
1060 723 1379 756 nuele auolires, uaat oopté nes propoal¬
1067 739 1187 757 ions.
1074 752 1380 777 Le minitre ſora inoamment ainer le
1060 766 1379 791 déeret qui abroge la Partie prinoipnle du
1059 772 1379 806 dderet or oedouet loutiour le doit doi le eus
1060 795 1379 819 de famills glé Iõrialativemont par ’ur¬
1060 801 1340 832 ne, anies ce ueilaivemeſi ou
1121 831 1317 852 LE AFFAI T
1074 849 1380 873 M. Gaston Doumergue à ontretenu es eni¬
1059 863 1294 886 legues do aaires eMénioure.
1113 887 1323 906 LES RETAT n S MIN
1075 903 1378 926 Le Conseil a déoidé de domandar la miae
1058 917 1378 942 à l’ordre du jour u anat u rolet de
1059 932 1304 954 loi aur los retraites don minuurs.
1166 957 1274 974 Ea RrRA
1063 973 1371 995 D PERSONNEL DE LA COMEDIE-RAnE
1073 991 1378 1015 Le miniotre de l’Inatruetion publique a
1058 1005 1378 1028 fait ainer un déeret rolatil aux Fetraiteu
1058 1019 1378 1045 das penalonnairen et du peraunel de lu
1058 1034 1205 1057 Comâdie-Fronouine.
1082 1082 1367 1121 El lsaet-linalne
1122 1140 1314 1170 Le rAgime du sabre
1070 1166 1379 1189 Dopus quelquez nomanen ont lleu, le lons
1058 1169 1379 1201 de la toanqal re, des mbomnrvres e oes
1058 1192 1378 1214 ennroinez de l dot la populnton alaaulonnẽ
1058 1204 1202 1225 ue plaint ambroment.
1070 1218 1378 1239 An coura des manœuvres, les oreſore ae
1140 1666 1293 1689 M. DE ROEDERN
1079 1688 1353 1709 vouu oourdtuire ’au d’Aoa--oiue
1055 1723 1376 1746 ontront tron mdantn et exoroeut une aurvoil¬
1056 1736 1377 1759 laue rgourouao. Cout ainol qu’ou nal le le
1056 1749 1154 1768 It autant:
1068 1761 1376 1793 Da Iuſu e un arouant de ’eluiout
1056 1774 1376 1797 penduu dans les on v lons des Danmemane. o
1056 1787 1376 1809 ioin du la Irondlrre, pour prooder à une dos¬
1128 2230 1303 2252 M. SEAN DE STEIN
1055 2253 1375 2276 our rAt’noc-drin
1055 2292 1374 2314 ceme de Jualiee. cette npératon aniotalent
1055 2305 1374 2326 deux Franeals. ent’erndus omme ueolpes, es
1054 2317 1354 2339 deux ’rangals étulet tvenus on automobtie.
1067 2330 1375 2352 A momant da reolndre Mulnoun lla mvi¬
1055 2343 1374 2365 lerent. par oourtoiiee ee luge et l’’vvoot
1063 2355 1374 2376 mudre place dans leur voile. momin lanant
1059 2368 1374 2389 ls roncontrorent un oucudron de chanceur
1055 2381 1106 2399 heval.
1067 2394 1374 2417 Le oapilaine ſt Stopper. l’automoblle el
1054 2406 1374 2430 aadresant à l à uvavat qul avatt rja pris
1054 2419 1374 2450 du chaueur, ll demande aur un on pérem¬
1071 2434 1102 2450 re:
1066 2445 1374 2465 Oul tes-vous? Doù venez-vous O .
1054 2457 1140 2476 allez-vousj
1067 2470 1206 2491 L’ayooat reponuit:
1066 2483 1374 2506 Et vous. de quel drott vous aogez-vous
1054 2496 1229 2516 dea pouvoira de polle ?
1067 2508 1373 2530 L’oroieta, dezoendit de cheval, ouvnt
1053 2521 1374 2544 la portiare, o e u’ nout qu’ar, avolr entendu
1054 2534 1374 2555 le ſuge qu’u ordonma Se Cuvoſlers de lalaer
1052 2547 1148 2567 pauer l’auto.
1073 2569 1354 2599 Aequittement d’un journallste
1066 2595 1373 2616 Strasbourg. 7 remer. ier muua a ete
1053 2607 1373 2628 lué le prucés lotent MvL. rNdeteur au
1055 2620 1374 2641 Jurtll’Alsuce-Lorrohne, noubyonné d’etre
1054 2633 1374 2656 rauter d’un urlcoe igne Lippo ienl. pour
1073 2646 1373 2667 uel M. Ion l’on aalt. on¬
1053 2646 1373 2678 auun Mle, au. Cois,
1053 2671 1126 2692 de peon.
1067 2683 1374 2715 idu Ta du rrR de Laure?
1053 2696 1374 2716 ide suereures dû s de u
1410 317 1456 342 .
1454 450 1481 468 mal
1388 462 1468 481 nooaer
1478 451 1709 473 n’ayent pu rarcgaoler lez preuves
1479 453 1567 482 t aut pu n
1388 475 1526 495 euuu-oi u dã aoqui
1560 464 1709 486 pabls de M. Mee
1478 477 1541 497 aoquité.
1392 516 1708 573 GRZETTE
1489 591 1687 621 La uartés des pues
1405 621 1708 646 L’autre our, la Chambre, le D La¬
1389 636 1709 662 chaud. dpus de la Corru. . rlamait
1397 651 1709 675 u’u mit à un abus noulaire. Loquei?
1406 665 1708 687 lui qui oonointe onlor aux aodn e
1388 680 1709 702 noin d’eplueher les pummos de torre de la
1388 695 1709 716 eaaorne. M. Laohaud dit que colle lunotion
1388 708 1709 733 dovrait Atre commos: elle n’at
1388 723 1562 745 Das digne d’un hommo.
1403 737 1709 761 Elle n’ent pas digne d’un ſutur ecteur
1388 751 1708 776 de M. Laehaud, c’out ponaibe. MMais mombre
1388 766 1709 789 de jaunes gens tout aunul obien que les dlen¬
1388 781 1708 806 teura de . Lachaud ont épluohe ls
1388 796 1708 821 pommes de erro et ne p’on nont pas trouvs
1387 809 1708 845 dshonores pou un. eu heaornns les pluis
1388 825 1704 846 humbles ont leur ran-o-- r¬
1402 839 1708 861 Le mobile emobl l’ao. Il eat aueni¬
1388 853 1708 878 lant de voir un dugqus luver los piods de
1388 869 1709 892 pauvres le Ieui-aint, qu’il al dgouan
1397 884 1644 904 our un oundidnt de lecher oeux
1401 898 1503 919 age univeruel.
1453 917 1687 947 La roine des ldphenleles
1403 950 1708 975 La roine dos lophonison ant la tépho¬
1672 885 1708 904 aui¬
1704 913 1844 935 mes de d ann.
1497 301 1956 324 Aounnr ouaa P . Cr A ù it la a
1484 317 1941 343 n e a m vu a aam ca
1735 538 1960 563 Cune ſois que l’ant.
1718 553 1966 578 u. o a ue Fo
1718 569 1953 602 neuerr e
1719 582 2000 604 l’abalamnt u
1718 597 1948 620 moyon l plus ar d’mor.
1718 610 1969 636 doent en cyuid.
1860 628 1927 647 conntos
1887 659 1922 678 pa
1821 670 1981 695 le pur qs i.
1718 683 1989 707 grade les orneio eruio ais
1719 697 2018 722 rois ana plun té per lu En o lis
1718 712 2001 748 a ſi iuonenau’eu Te ereſe
1719 726 1979 750 E an, pour, les omibl. A n
1718 740 1984 765 Ehers de allo, T Eõ pour i?
1718 755 2001 779 nanl-oolonoA puur l
1718 769 1998 796 o& pour les geneaux de brie
1718 783 2008 819 inlus unie rui eux quilſuii
1718 798 1993 822 rinde ’une plus hrllune edr l
1717 811 2048 842 nour lout uiadruez de divre e eaa
1718 827 2015 852 mdont une diiiiao ou un orr ſ
1734 840 2017 868 Dns & ue
1717 917 1879 950 toounde que oſle deus
1718 942 1907 966 n’y a pas de doute qu’
1389 964 1708 988 niate amérieaine, la franouian ne vlont que
1389 979 1475 999 la nuconde.
1404 993 1709 1019 La Telephone Revteuu, publlait, I nya
1389 1008 1708 1033 pas longtemoa, una dtuds d’un lngénieur
1389 1022 1708 1046 amérieuin, M. Shorvood, our les prorë
1389 1032 1707 1071 cunts réailies eu teleptonle, ux Pote¬
1395 1052 1432 1071 Unis.
1405 1066 1708 1090 M. Shorvood donnait des statiotiques
1389 1081 1692 1103 improaionnantez. A Ne-or, le toim
1389 1095 1686 1118 moyen de réponoe d’uno teléphonlole cot
1389 1109 1707 1132 S ’coondo: le teps moyen pout l’éu¬
1388 1124 1708 1144 bliaaement d’une oommrunieution de 2s re¬
1389 1138 1708 1160 codes; enin, une télphonlute ne commet
1397 1152 1707 1177 u’unn ertour pur cont communions
1405 1167 1455 1187 méos.
1404 1181 1707 1203 En l’état aetuol de léphonie, con¬
1388 1195 1708 1218 eluait M neevoo d il diloile, ainon
1389 1210 1707 1232 imporaible, de battre cord. La téle¬
1398 1225 1655 1259 nie reuie doue co d
1393 1239 1691 1261 loujours dd: la reine dos bléonlates!
1404 1253 1698 1278 Conreaaons, que lelephonluee amer?
1388 1256 1706 1290 a ſn nonr u,, l ſeſhonuleu perl¬
1388 1282 1584 1305 oienne, main de bien peu!
1404 1297 1707 1319 Une étude faita par le Monn douns les
1387 1311 1690 1348 erirmn, novan de repone cune taupgr
1403 1326 1706 1346 Tomps moyen de réponse d’une tlépho¬
1384 1328 1601 1375 aue l e.
1400 1355 1706 1391 Tm ren pour oa ome:
1387 1382 1706 1404 A Par, MEecoe ; -Vorr, a¬
1387 1397 1445 1417 condes.
1403 1411 1707 1434 Nombre d’erroura par toléphonie! à
1387 1425 1707 1448 Pari, I pourE oo¬
1387 1441 1418 1459 10.
1411 1449 1706 1477 outez que l’outillage léphonique amé¬
1387 1455 1706 1502 en aue l’oul lage dulpponil uea a l.
1386 1484 1435 1503 noôtre.
1392 1504 1685 1534 Lus vorius Au fianté anrieule
1402 1535 1706 1558 Le lub des ſilles celibaaires (Bachelor
1385 1550 1707 1575 Giriy, rcemment ongo, D’eul
1386 1564 1707 1587 point hootie l’inlilution du mrri. Ii
1385 1579 1707 1601 viont môme d’ouvir un conours our
1385 1593 1707 1613 Iouver de maris à s touitare dont le
1385 1607 1650 1627 nombr ’’vv aetuellomomé .
1401 1620 1707 1641 Soulement les conditlons pouboas aux cnn¬
1386 1635 1706 1656 Aiduls cout biem Vôren. Is doivent é¬
1386 1650 1707 1672 poudre d’une manſre catieaſsnns aux
1386 1665 1545 1687 quentions auivantes:
1403 1679 1707 1703 s Promotez-voua de trater voue romme
1386 1693 1706 1723 comme vou e ue au pomé do vu poui¬
1386 1707 1664 1732 iuo et aiP,,....
1402 1722 1706 1744 Avez-vous de mauvaires habitudes.
1385 1736 1692 1759 tolles que l’abus de l’eool ou du tabao?
1402 1751 1707 1771 n Promeſtez-vous de traiter votre helle¬
1384 1765 1666 1790 mere comme votre Ppr n mrr .
1402 1779 1707 1803 n Allez-vous éguiérement à l’éliie, &
1384 1794 1666 1814 combien metlez-vous dans le tron?
1443 1808 1707 1831 lez-vouas pomalire d’ee nimable?
1385 1823 1707 1856 la maion & e pas gour à ous de
1385 1837 1595 1857 la euioine de votre Iomme?
1402 1851 1706 1874 Promettez-vous de pacar vou toirées
1384 1866 1491 1886 à la maison ?
1401 1880 1706 1903 Voulez-vous vous engeger à observer
1385 1894 1705 1919 les dix commandemets.....
1400 1908 1706 1932 Les Bachelor Girls ne diont pas à quoi
1385 1923 1706 1945 elles s’engagent, elle, en change de toutes
1384 1937 1705 1963 les vertua qu’ellos oxigent d’u bon mari¬
1430 1962 1683 1990 La protedon de la lounesss
1400 1997 1705 2019 A Ble, mereredi, a piégé la Bootélé den
1384 2011 1705 2034 Iommes baloines pour le Felévement de la
1384 2026 1634 2063 Pore le pateur pnt y a prénent
1413 2041 1705 2063 . le pasteur Benz y a présenté un rap¬
1383 2043 1705 2088 Perie lus e arilis lis dinue le vaiee
1403 2069 1705 2092 lle, aur le terrain religleux, pour la aau¬
1384 2083 1705 2106 vegarde de la jeunese Iéminine émanoipée
1384 2098 1467 2117 des éooles.
1398 2112 1680 2135 D’aprés les Basler Naorenten, M.
1384 2127 1705 2149 pasteur Benz, uyant pussé en rovue los
1383 2139 1705 2163 œuvres organ OrSomisden dans los
1384 2155 1705 2178 Eglies baloies, a conelu que n le mriie
1384 2169 1705 2204 de l’or pauaaion ll pis e, plile, uou e
1384 2184 1705 2207 sauvegarde de le Ieounon, Fuve¬
1384 2198 1705 2222 nalt à FHglios outholique romaine qui, Pur
1384 2213 1705 2236 les quatre Congrégations paroinoinles d6
1383 2227 1705 2253 Sainte Vierge, rope anvirn à on jeunes
1384 2242 1705 2265 Alles, aans compter une Anooinſon de
1384 2257 1704 2279 leunes domestiques et les calles de rén¬
1384 2271 1541 2291 nions dominicalesn.
1400 2286 1704 2308 L’hommage renſermé dans cette connla¬
1384 2300 1704 2322 ttion de M. le pasteur Benz mdritait oue
1384 2315 1439 2334 relev.
1516 2336 1682 2363 L’esprit des auhres
1397 2367 1526 2387 Entre amaleurs:
1397 2387 1703 2409 Vous avez lu un millinrdaire améri¬
1384 2401 1705 2424 can at l’aequisition d’un Raphaet.
1383 2416 1703 2438 moyennant trois millions oind cent mille
1383 2430 1443 2449 anes!
1397 2444 1703 2469 , Il paraſt que ee tableau ae reoom¬
1383 2458 1585 2481 mande pur sou exéeution?
1398 2474 1703 2496 A prdaent, il se recommandera aurtout
1382 2489 1620 2511 par n.. Iaeture.
1685 2113 1705 2132 Ie
1399 2523 1693 2555 Les routes se croisent
1463 2558 1621 2586 par morn coz
1400 2580 1703 2602 Ce roman, dont nous commencorons
1384 2594 1703 2618 l publicotion dons le uumcro portomt i
1383 2609 1702 2633 dote du moruer, eat ue opoloqie
1383 2623 1703 2645 intéreuonte, bien mende, du det de
1384 2637 1702 2661 l’neryie. Romanoeque et ehste la jou.
1383 2652 1702 2676 il intéreuteru vivement les lecteure qui ne
1383 2665 1504 2686 oteiendront de
1406 2681 1678 2712 L ruee dd
1717 957 1934 981 quelques uniids les chinres
1718 971 1969 993 qu’iel. ou no Taue dmdoor Fi
1717 985 1993 1009 Cote dirrene de viguour qu o
1717 1000 1998 1022 ne pas exittr eenree a¬
1717 1014 1939 1037 S9 ant. pris en bloe, ot des
1717 1029 1984 1048 aa.
1734 1043 1980 1068 Il eat ſaoile de répondre: gin n
1718 1058 1977 1082 en roard du boule vervemo as
1718 1072 1994 1108 Em ga alaaion u uonmrnadus el
1718 1089 1981 1106 médioore, et les plus hardin u
1727 1115 1987 1138 ar leur proſeonion à des laup
1718 1117 2029 1152 iar leuleotnlou l dien ſiu ue ai
1718 1143 1947 1167 udd onetlonne pluy tot que cus
1718 1158 1916 1182 taires. L’orfeier qui al des
1724 1173 1966 1195 juaqu’à o ou s ans, cosorvert
1726 1187 2002 1211 le validitd, dont le déclin ne cora ui
1718 1201 1997 1224 aible, ou à peine, d’une an i
1718 1216 1965 1241 autour de la soxantaiue...
1734 1230 1974 1253 On ponseru peut-ttre qu’l oov;
1717 1244 1952 1268 dabaiager de einq. de dx ans
1717 1259 1951 1282 d’Are. Quand nos géndraux e
1717 1273 1941 1296 n’auront que Gõ ane, ot nos
1716 1288 1968 1310 noure armds tout entire n’aurui
1711 1302 1976 1326 deuplé aon élan, an puiuanne o
1717 1317 1938 1340 moyens de réiittu, dea F
1825 1346 1972 1382 Oou e a
1824 1363 1944 1383 rrntama rpa
1837 1373 1969 1409 ies r TE
1817 1392 1838 1409 6
1761 1403 2008 1425 l. mais iei nous nous hourts: ti
1716 1417 2000 1439 imponsillté matériohle. LE bud au
1717 1431 1995 1455 berait aous le poids dos Fumaos
1716 1446 1779 1466 brables.
1732 1461 2000 1483 Et quel gaspillage de v
1715 1476 2045 1512 uo pis tous leu ours ei
1725 1490 2022 1512 qui ont conmervé jusqu’à & ans u i
1724 1504 1869 1525 leur, une vivacité d
1716 1518 1996 1543 que le plus jounes leur ovvio LL.
1897 1534 1975 1554 u no cont
1717 1533 1878 1555 liret, les Negrier, les
1716 1548 1973 1570 oxooptions. Faut-il rononcor à util
1716 1562 1979 1583 rououreos dont une nation doit r
1732 1576 2002 1598 On arrive alnsi à cetl eneluiid
1716 1591 1917 1613 vante: il ed imposaible
1717 1605 1998 1629 limitoa d’aasez pour n’anourer
1716 1619 1986 1653 reid, qui T’ra paus d’ailerurs aoue&
1717 1634 1968 1655 aueriſſeos, et il eat inutileou
1716 1648 1989 1668 d’avancer aoulement de doux o
1717 1662 1883 1682 Fheure de la Fetraite.
1733 1676 1899 1698 Oui ne voit d’ailleurs
1716 1690 1819 1710 das limits d’
1716 1705 1983 1728 museles plun rsistants, ’’aureraE;
1716 1719 1963 1743 corvoaux plus
1716 1734 1980 1756 lesoait entier le pro d r’i
1716 1748 1978 1771 mont qui, nous l’avons vu. connioe
1716 1763 1959 1785 aélootion la plus impartiale et
1716 1777 1971 1800 Iaillible, des plus dne, dans l’i
1715 1792 1988 1816 de eeux qui Sont uads ou dont la
1715 1806 1958 1840 e pasent pus les mume
1715 1821 1981 1843 ocoup17
1731 1835 1789 1855 Alons?
1732 1849 2007 1874 Tucoriquement, à promire veua lei
1715 1863 1960 1887 tlon ne purult Dun fmnoluble. F
1715 1878 1977 1901 pus, derrtor que la promoüio P
1715 1892 1972 1915 nolé ent nboi à purtlr du uae
1715 1906 1978 1941 de oataiaitr a u u renrenz, u
1715 1920 1990 1943 Iranchira l’éohlon Supdriour el a
1715 1934 2006 1958 Iait à den dprouven qui le Tvitert
1792 1950 2012 1975 aiquomenteletaupe.
1803 1953 1828 1972 iqui
1797 1964 1968 1986 des Ionctions plu hanl
1867 1967 1991 2003 ions d iuoi ouae
1802 2007 1971 2030 la de la guorre moderi
1712 2021 2005 2043 au cba de balailon ou d’ouonrun s&
1712 2034 1997 2070 ailoons dot a leut fpla
1712 2051 2002 2073 necordée au potit bontour de l’unnien
1712 2065 1955 2090 Le quatrlm lon, puquel a,
1713 2078 1935 2102 Eor pour i moiti dn pi
1713 2094 1996 2119 seul rang de lige, ne devrait Pls
1712 2152 1931 2175 un jour proohain, oua
1712 2166 1945 2200 epr iu eus Poipaipuo ue aau
1712 2180 1941 2203 muniitdd des
1712 2194 1924 2216 Dn cmnn l coro os e
1713 2210 1920 2235 prrinnee ne pooov-ale
1711 2224 1888 2247 Joura que ce moyen ont
1712 2238 1906 2261 uno ecctlon ruouromre?
1712 2253 1937 2278 on A l dboureur dea cue
1713 2268 1882 2292 tanſ, à Iavorlor de.
1712 2280 1955 2306 ntoude hinn ur
1711 2296 1939 2320 détemhar pratiquemont la 1ẽ
1712 2310 1939 2335 aun ootool ou ’uE
1712 2325 1969 2361 ouit, nurie
1741 2342 1978 2363 mantique ou, . un lop prolon
1712 2344 1881 2375 Iumles
1713 2368 1907 2390 damment l’onml
1730 2514 1957 2534 ’une proues aôrionn, a m
1712 2526 1977 2563 ’uit e iraoirmi, di u a iu ue.
1712 2543 1991 2564 conſore à auoun degté, pes plur q
1711 2555 1980 2578 blonue ur lop de atil,
1712 2568 2016 2594 Iuds eutabre au Tole da oûe oon vſee
1712 2584 2014 2609 uvou euorimor ou rcompan n
1712 2601 1759 2620 nales.
1728 2613 1994 2637 Soi, maintont-les coome on
1712 2627 1968 2652 tons, mais dbliſoon une rgie
1711 2643 1959 2665 ous normal. Puiaque les xmmnn
1712 2656 1906 2680 lioont encore ddairer,
1710 2671 1995 2694 Enoruil-on pag de prage a ou
1712 2684 1965 2706 Enlleutuãlon d’uotivié ?
1712 2684 1961 2720 mamiretlaion que ry.
1650 2731 2047 2756 Source gallica bnffrBibliothéque nationale de France
