2048 2788
112 98 359 120 EUAN-ar ANr.
47 120 241 140 edda.mmn
352 100 430 120 Ne 1o2
148 226 243 244 aaeeas
82 287 353 315 le l le ui ddes à la ada irn
125 317 384 338 e Munul ne pouvant repondre des muuserde
198 331 385 351 ris les auteuri d’en urder cule
132 355 420 376 Anaanas vdmaroo: ns aaa
169 154 416 189 Prix L’noeenr
81 181 516 204 na, inn ann s u n, E.
283 197 363 215 L 1
284 211 363 228 L t;
280 226 435 243 na ar r o c a a
117 239 465 265 a ul t contmmn
178 264 597 285 emoutour palouu t Aion ot.
430 198 501 215 n
430 211 501 229 aa.
352 292 501 314 a addes a a
606 94 1405 131 ’ahonne aux Buax du Jounal , t, A P D A, A PAn j, oi dans tous los Buroaux de Poate
1511 215 1596 232 peuue.
1597 158 1844 186 Px DE L’AOoMter
1511 186 1929 207 aa man a 2 s m ns a .
1389 199 1659 218 Me-aae
1673 200 1747 217 .
1673 214 1747 231 2
1859 213 1930 231 .
1768 214 1850 232 1
1577 232 1882 251 L Aamſa nmx D te E n anu m
1522 249 1929 276 U ( )e .
1512 286 1930 309 ANNONES: MM. LAGRaGE, r ’, , plnn, de la Eoree
1522 305 1920 327 Le renmnits q eu rmtu
40 454 358 481 Lmm ne Cuqils proicois et aemonds
54 474 296 495 OQi. Lo--a, Araux.
40 488 358 508 Novmaxs ou r’anoun. ’mano. AAluce-Lorrine.
41 502 335 524 Chambre : l Lionté et Ie secret du vote.
176 521 276 539 Pane 3
40 538 358 559 En Panan: Qui peut etre mon testament...
54 552 165 572 Pn Mur..
39 566 248 585 Les Livres, Pax.
39 579 357 601 Au Condté Moscurmi A lu Pedération des
52 593 146 614 gauehas.
39 607 357 628 Conſérences et contérenciers: la Triple-Entente,
34 620 357 641 con possé, con auentr; Cmment quérit-on un
53 634 234 652 buvur?
38 646 357 669 Au jour le jour: les Tronſormations de l’inatltu,
53 662 148 680 Rao. Ax.
40 673 222 694 Pao
39 692 308 714 Le Triomphie des dome, Henm Cuxnvr.
39 707 356 728 Courrier hatorique:Dans Sardins de t’us¬
53 719 291 742 toire. Les Suirionetten en luntlee.
171 742 222 760 Pacn 8
38 759 213 780 pore: Pimeident uintor
38 772 203 797 Bulleiln commorttet ¬
170 794 220 812 Pan 6
38 812 346 831 Dmans Nouvanas: Conseil des ministres
49 826 348 846 LL Dioooution des conoréations. Cham¬
51 839 355 860 bre: lo Budget des beaua-arts. Senat. LLe
51 853 355 874 Arramns n’onr. . Palcoloque ahez le
52 867 111 887 ceor, te.
43 884 356 904 aa
39 935 355 989 BUEIN BE L’ER
58 990 335 1011 te pnonee scnt e nussi
50 1010 355 1032 La rncrit adreaoé per l’empereur au nou¬
36 1023 355 1047 eau minialrg des ſnnces, M- Bar, xplique
36 1037 355 1060 Aons ambigurt la rotraio eù
45 1051 355 1075 oss on mdme lomps en pleine clars le pro¬
36 1054 355 1087 pias sn aaomneoue pan lru leo prs
36 1078 355 1098 à cos ministres le devoir de résoudru. C’oſ ’’¬
36 1092 355 1115 quibrn du pugut qui oot en cause, puisque
36 1106 355 1128 ſos reuouree provennt de la vente de l’alcool
35 1119 329 1139 consttuont le liors dos routtts de I’Elai.
36 1133 343 1155 Barle voit anai s’ouveir pour lui une route di
36 1147 305 1167 ſeile et laborioure.
40 1161 355 1184 On aait que le buadgot Puss opoi onsnial¬
35 1174 354 1196 lement our le rendement des impots indireote.
35 1188 355 1212 Parmt ceux-ol le monopole d’dat Sur la vodla
35 1202 355 1224 augonla dos une proportion qui õvile un
36 1215 354 1237 inquiétant proqs de la consommotion de l’a¬
35 1229 354 1253 goul. Des aouo le peril dé dnone à la Dou¬
35 1242 355 1264 me par M. Tohohe, un dõpuõ pnriols qui
35 1256 355 1289 se stiu un moun u iounie out l’aidoe ur qu’e
44 1270 355 1291 opagande antaleoolluu. La presse J’opi¬
34 1272 354 1302 poninloliu in Prmtos, ſ P’oris
35 1297 355 1319 l’eomple de la Finlande qui,
34 1310 355 1343 platles daus ie oniions iimmiir qus ene
44 1324 355 1345 lables cellos de la Ruaois, ont Soigne le
192 1338 335 1360 arvonues à le gubrir.
196 1352 354 1371 maoil de l’ompire a ou¬
221 760 278 778 Védrine.
216 773 357 794 trchés trrngers.
34 1338 187 1360 mal aloolique et cont
48 1351 182 1371 Tout récomment e
34 1365 68 1384 vert
34 1406 355 1428 anvoy pour en le Doum. AA ettl oo¬
34 1419 355 1440 pesion l como Vills n ndreaué M. Houovoo
33 1433 355 1455 los oritques qui aemblent avoir déterminé le
34 1446 354 1468 dacision, de l’omperour. L’inlervonlon du
34 1460 354 1493 onte Vies dui diuiautt pis uepuiroeuaois
35 1474 355 1495 ue, tomme chueun buit, il n Eé ’inventeur
34 1488 355 1509 du monopolo de l’aleool. M. olovvaor étit
34 1501 354 1524 lors con collaboratour, où tous les budguts
34 1514 354 1537 hoaés aur le monopole ont prẽs pur eux
34 1528 245 1548 aoliduiremont de I doo.
49 1542 354 1563 Cest en oot et des les dabuls du comte
34 1555 354 1578 Vite aux nanees, que la régis d’Etal a é
35 1569 355 1591 instituée en remplacoment des taxes aulé¬
34 1583 354 1606 rioures. Dans le dressent ouvruge que
35 1596 351 1620 noro diiugué couſrr M. Edmond Thry
35 1610 354 1644 vont puilir dous le iuie la ronelarmr.
35 1623 354 1646 ion écomomique de l auasie, les rdsullals
35 1637 354 1660 Ananciors, ds la nétorme ont exposés avou la
34 1651 191 1673 plus grande préoiaion.
49 1664 354 1686 Pondant les dix-huit années du ronotionne¬
35 1679 354 1702 ment du monopole Russie (iõõ
35 1692 354 1715 A ral, lus rootues do le Fégie a ont elovéos
35 1705 354 1728 à Soo milions de roubles lao mlions de
35 1720 354 1742 Iranoul, et les dépeunes, y compris los Iruis de
35 1733 354 1766 pmipi id, dabtiaromel, duiutrils, an an dt
42 1747 354 1771 oos pour travoux d’orguisauion et d’lslalla¬
35 1761 354 1783 lon, n’onl pas dépassé Au millions de rou¬
35 1774 247 1796 bles toz millions de Ironos).
49 1788 354 1810 La proit not é’bbht done a millions
35 1802 354 1825 do roubles ſuoit is miulions de roubles par
36 1816 354 1839 anéée ou S&l milions de Iranosl, qu’il ſaut
35 1829 353 1851 oependant ranoner à Lod millions de roubles
32 1843 354 1865 ul l’on déduit de la ocotte globolobnle le montunt
35 1857 354 1879 des doie d’dis qu te Trõaur ruit omels¬
35 1870 354 1893 as avpe l’anoion ayetbz, mondant qui o vonl
36 1883 261 1905 ſlevé A & millions de roubles.
49 1898 353 1920 Breſ, on peut dire que le monopole de l’aleool,
102 1362 502 1389 bal llr le lueuio ue la ouux us onresirbumes
32 1368 470 1411 Paiutetateinonautes uiaaqiaee taur ue
34 1391 355 1415 roſet u loi cs Iyomos à é vou puus
366 451 681 475 proſls Induslrlels o dix-huit nrues, toit oi
366 467 641 489 moyeune oy milions de franos pur an.
379 480 681 502 Mais cetſe moyonno esl aujourd hui considé¬
365 493 681 517 rablement dépuusée, eur on oil, lea monopoin
365 507 681 530 des spirituoux donné Trû us oo toubles de
365 521 681 545 rouelſes co oſpon roubles de dépenses,
364 535 681 557 goit un produit net de Sos oõ Oon roublos conto
365 548 681 571 milions de roubles pour lu moyenne lo¬
365 562 681 586 iore; et pour l’exgrcice ois, le proiet de hudget
365 576 682 599 prsaanté pr M. Rooypoſor la Doume prbvoit
364 590 681 610 o millions de roubles de ruelles et ade mil¬
364 603 681 626 lions du oublos de dposop, aoit un Produit
365 617 681 639 net de && milions de roubles h milions
364 631 681 653 de Iranos), représentoni à le ſois les droils
364 643 682 668 d’aoelee eé le proſit indusriii du monopole.
377 658 679 681 L’adminisbrtion du mouopolon nolenu
363 672 680 695 d’autres résultals qu’on t d’oilleurs exagéréa:
363 686 681 709 les ſondées aur l’exploi¬
363 700 681 723 tadion du vice populaire ol aur les progrés de la
363 713 680 736 dgenéroscooliquo au villge ont diu¬
363 727 680 750 paru; los oboes, ou llvrs
363 741 681 763 Sans déſense au dabitant usurier, ont és er¬
363 754 680 775 més; la voda lle-môme ôué consomme
363 769 680 791 pue o ane ces mélanges d’eoprit dois ou
364 782 678 805 d’autres Subslancos chimiques d’ou le ruſ¬
362 796 680 819 quant lirait gon on noe Prineipal. Par mal¬
362 809 680 832 hour, ela a ois cosommds outro mesure, et la
363 823 679 845 réside juatement aujourd’hui l’abus inlolé¬
362 837 680 859 rablo auquel le nouvonu gouvermemont devrn
362 850 436 870 meilre ſin.
376 864 681 888 L’augmentation du rendemont du monopule
362 878 681 901 en lo d’oxplique aurtout, d’aprds M. ILoou¬
361 892 680 915 uoſ, pur l’acoroiauoment de le population. Cols
363 947 681 969 cauue vraie des progrés de l’alcooliame out
362 960 681 984 dan I nochualanoue laquelle il ie
362 974 680 996 combattu, e don lu non-réoislnoe u moi
362 988 680 1012 d’une ndmintatration qui brouyuit dans la mal
362 1002 680 1025 emo un moyen commodo d’Equilibrer vos
362 1015 662 1037 budgele. AA A.
376 1029 680 1053 Les poil lloons de eix centiltres qui ne
362 1043 680 1067 contiennont que la rution môme de
362 1057 680 1079 at lui proouront i’ivrosse au moilleur marehé
362 1071 679 1093 n’ont pas disparu d la oireulntlon. La vons
362 1084 679 1108 londeaine au détail n’a pas éts roprimée. Les
362 1098 680 1121 Soieués de tompéranee n’ont pas blé oncou¬
362 1111 679 1136 rugéu, C’et aimel que aur un bidret de rois
362 1125 680 1153 nliarde, un ſiens proviont auiourahui de la
362 1140 680 1162 commnion de leoul, e’est-à-dire du vice
361 1153 507 1173 et de l’abrulisaamont.
375 1166 679 1190 Cust à cedie aitunlion que l’empereur ontend
361 1180 679 1203 metre un lorme, Mais pour xéeuler aes r
361 1194 679 1218 dros, que de dirnoullés foonnlques A aurmon¬
361 1207 679 1240 leer is quiros les ouieiſee areaic e
361 1221 679 1245 ron ils lranchis ou lournés pur M H Dul Bt est
362 1235 678 1258 oo que les conaurtalions Pûrlemontnires on
361 1249 677 1273 cours n’ont pos permis enore do dovmer;
367 1262 679 1286 ’’ust auaui & que la Franoe, louiours allen¬
362 1276 679 1300 live au progés ruase, ne paut manquor de
362 1290 662 1314 Suivre aves le plus vil ntnûr u
387 1331 652 1370 tteuts Tettnoits
514 1365 652 1390 aoims r
373 1389 680 1420 Lemmemur mxe outs ie iermre.
382 1402 678 1425 ’emporuu Eranpois doneph a conré au comt
361 1407 678 1439 Jpaorertdoroir de Pondns ſe gluld la da Ponut de onl a eomne,
360 1427 679 1460 ſu ius ntsuis itu ion qui Erlaoer rurer dr ie
361 1440 678 1471 auſet honur ois i le
361 1452 678 1475 amcoinour du comdes d’ mrenthal a prls la dinmeton
361 1464 592 1487 du minialére don aairon étrungdred.
376 1502 665 1536 PVe
374 1554 677 1578 L Succus ai conaidérable de MM. Briond,
361 1567 677 1592 Darhou el héron au Hleavre go houvo oomplble
361 1582 677 1604 et rehausé par la auvaise humour de tous nos
361 1596 677 1620 advoreairos. Ils ne guvent quo dire; el nepen¬
361 1609 677 1633 dant que disont-il l Ils font les dents: et coe
361 1623 677 1646 attud los doguino d l plus ploisnnte ma¬
361 1637 678 1661 nire. Des journaux e& dus éerivains qui font
361 1651 677 1674 prrousion de romuer les inslinels les plus gros¬
359 1665 677 1688 iens do la loule s’éludient à grimuoer une moue
362 1678 677 1700 ddulgnouse devant les discous de MM. Briand
361 1692 677 1715 e Barthou: Eh quoi! s’écrient-ils aveo des
360 1706 677 1729 mines de petits malon, & n’est que oela?
361 1720 677 1741 D’aussi grands oratours ont exprimé i pou de
361 1733 676 1756 chos? Doas gens qui prétandenſ u litre d’hoi¬
361 1747 677 1770 me d’tat ont ſormulé ai pou de pontéos nou¬
360 1761 652 1780 velles?
374 1775 676 1797 Nous savions d’avance qu’on urerait do tous.
360 1789 675 1810 los argumonts contr nos amis. On voulait d’a¬
360 1802 676 1824 bor iider pour empéehor le pouple de les on¬
360 1816 676 1838 tondre; mais commô ils ont parlé malgré l’al¬
360 1830 676 1852 lianoe honteuso des radieaux ploutoorulos et des
360 1843 682 1866 douhors Sundienlistos, on oo raigno à prétendre
361 1857 667 1881 au ils ont ren dit. an n .:
373 1870 676 1893 La pluieantorie et bonne. Nos amis ont mou¬
360 1884 676 1908 tré la dout pu¬
360 1898 677 1921 bliquemont sourſletée. Arislophane l’avait fait
687 455 1002 482 eerupromes pour tou re¬
688 468 1002 491 vendiquor, loraqu’il s’gil d’ucoéder au pouvoir:
687 482 1002 504 tout remblantes de perdre ln proie conquise, dõs
688 495 1002 518 qu’ils vont en pluo: voila l’Eternel portrait des
688 509 1003 532 dûmagpgues. Et oe porlruit elansiquo, il Faudru
688 523 1002 546 le reſairo auns a lnsaer puisque les peuples ne
688 537 962 560 to lassent pus d’oue dupes et vietimed.
701 551 1002 573 Vous etes las que le bon ens et lu vérilé de¬
688 565 1002 585 meurent les étornels remédes contre In démence
687 578 1003 601 et le mensonge? Pourquoi done? Toujouns, toni
688 592 1002 614 que les mémes porils renatront, il V nuuru de
688 606 1003 629 ons citoyens pour lvrer l méme combat Ei
687 619 1002 644 les jusles, eſ les prinoipoes ludispeneubles
687 633 1002 656 à la vie d’un paule lſbre ne pordont on de
687 647 1002 669 leur rorcn et do lour adcont parce que lous es
687 661 1002 683 hommes illustres, d tous les hommes uilos, de
687 673 1002 697 aiele n aibele, n’auront jamais munqué de les
687 688 864 710 proolomor t de les seivir.
701 703 1003 725 Mesiours les primaires du raicaliame uni¬
686 717 1002 739 ſlé, qui ſont la pafita bouehe dovunt les discours
687 731 1002 753 de MM. Bartnou, ot Briand, d’imaginont que
686 744 1002 767 l’inquiapale, le pooiſlsme à oulrunee, les
686 759 1002 781 consrrulion rvolutionnoires, le mépris du de¬
687 772 1002 794 voir patriotique nont. dos idéus nouvelles, des
686 786 1002 807 révltions, dos illuminations miraœuleunes.
686 799 1002 821 Or toules- ces poires Sont vieilles comme lé
686 814 1002 835 monde, vioilles comme l’ignoranoe, le trabison
686 827 1002 851 et la tille. Rien ds plus hanil, Fen du plus u¬
686 841 1002 863 chaique, de plus primilir
687 855 1003 876 que bes ſantomes d’idées. Ces nuées erroiont
686 868 1002 891 dijà aous I rrn plal do l’homme des ouvor¬
686 885 721 903 nes;
686 896 946 930 pus felies le peuples e pluſ iore
699 911 1003 933 dap ps ot, lravon l’Histoire, ance
686 911 1005 947 a dpaigque yes s lea r iliurea ue
686 938 1003 960 les do nos radicnux primaires aient
686 952 1003 974 entrainéos à la ruine malériellé, la disolu¬
686 966 1002 988 tton morulo et transforméas on une prois ſaolle
686 980 1002 1002 pour le dlointeur ou pour le onqubrant plus
686 993 1002 1015 tude qui nous guntte, l’arma bauut Lu ruine
686 1007 1002 1029 matarjelle eet ratale, elo ſois encore, si l’ius¬
686 1021 1002 1040 lnet de ncervation ne ſoroe chaoun de nous
686 1035 1002 1056 à naecquer ae torpour. On pout voir comme elle
686 1048 1002 1070 aorait prompt vedir, el l’on obuorve cenlains
686 1062 1002 1086 indioo : lu ralomlasement de linilluoive uio¬
686 1075 1002 1099 nle, la, ooreur epandue lous los adyéoles
686 1089 1002 1111 de Fuen luborieune qu’était la France,
686 1103 1002 1125 Pexode dos upllaux (environ oo millious
686 1116 1002 1139 parlis au mois e lonvier, au dire d’une lãs
685 1130 1002 1152 hanto Auforité ſnanoiér, pour aller féconder
685 1142 1002 1168 les, e rdes de l’Alllmme.
685 1157 1001 1182 gme. ’eenioollemennt eſn ohlaumenl, lanrdinnlre, e mou
685 1171 1001 1194 voisis uu ’ buus nllvvon l dmiire cou¬
685 1185 1002 1207 ronné: notru guprémalie incontetle dans la
686 1199 1002 1222 nrohé des. banitauxx. On peut voir le igne
686 1212 1001 1236 Eulalanl du peril auprame au dhors do nos
686 1226 1002 1248 monfores: les ligues chauvines ae mulupliant,
685 1240 1001 1264 redoublant du propagonde pour des ammmens
685 1252 1001 1277 nouveauxj, pour des, armemenis orrbitns
685 1267 1001 1291 dont la cirge aerait lourde mais e aorait pas
686 1281 1002 1304 longue, puiaque nous sommes la prois ouvoi¬
686 1294 1002 1314 tée et qué les idveraires du la dbfonss natio¬
686 1308 1002 1330 nule choz nous s’obotnont à préparer l’or¬
685 1323 737 1342 caion.
699 1337 1001 1359 Ah! elles sont jolles el tontentee les nouveau¬
685 1350 1001 1375 les mortoles, les, drogues, nfailiblos qu’on
685 1364 1002 1399 aus oſme a le ſlous lot lies iller l Pir e
691 1378 970 1401 LAmm, fruvail ocnflfort t udu qhal?
685 1379 1006 1416 ſnunt ir u quur itue ſtdt dul dtildſnte
686 1405 1002 1438 laie à aos amiis poun uonievtir, d’uis lait dilail,
686 1419 1002 1442 une imuge dejt lop reusemblane de Byance.
699 1432 1001 1455 Et maintentnt, uous diane i uos amin:
686 1446 1002 1467 La France ext avec vous. I auint d’échangur
693 1460 1001 1483 uolques mols avoo des eitoyens de toulon los
684 1464 1001 1496 quoiloues areisame q milorves s ds oute ies
685 1487 1001 1509 saleris ou eapilalistes, pour conoler que le
685 1501 1001 1525 lundi matin, au landemain de vos diaooura, tous
685 1509 1001 1538 oul butvos purnleus comtme ur or uiul, & oul lou¬
684 1527 1001 1550 jours le vin généroux et oltir de noiro
685 1542 1001 1566 est fait pour couler dans nos voinos, et nos
684 1550 1000 1579 eoines onnſt aaleei pour le rerivoire Nos duse
685 1568 1001 1589 cours de Baint-bionme et de Bordeaux daiont
684 1582 1001 1605 rs eaux, vos dicours du Huvre lo Sont égu¬
684 1596 1000 1618 lomeul, ot lous les uutres dicours que vous
684 1609 1001 1633 prononoere,, coulunt m momS uoue, voronl
684 1618 1001 1646 Haer euuuue auis plus henu &t plus ddouont
685 1637 1001 1661 que lous vos discours ol cot acte que vous a¬
684 1651 1001 1675 oomplisnen en allan de ville on vlle parier aux
684 1664 1000 1687 oioyons le lunguge d’uns ronaissnnes Iran¬
684 1679 994 1703 caise. Persbvéro ......
698 1693 1000 1717 Coo l là on. ofſet ee qui Iait la voour iai¬
692 1707 1000 1730 me de la propngande entrepria pur les eos
684 1711 1000 1744 ne d luPrutnun dus euieneiss ue deui oa?
684 1734 1001 1756 une côrie de digeours; elle exl un oe. Voilà
684 1747 1000 1770 bien oe qui déaqle les byzanlins du rodionliame
684 1752 1001 1785 uill, iu adeolenl duo oumiomtit leus patuloeſe
684 1775 1000 1797 mais ils S’aperçoivont trs bien qu’il y a quol¬
684 1779 1001 1813 mun odome do ioumoel e le parit dſe la foiouon dlee
684 1802 1000 1826 puhliouine & de la gécurils nationale, qui ne
684 1816 1000 1838 déoide à agir. Juaqu’à présent, il avail laissé
683 1830 1000 1862 le comy, lbre a& puiteganuns us auboine,.
684 1843 1000 1865 aux mbiloux do la ploutorute démegogique.
683 1856 1000 1878 Tous Es munches, lesmamvais pilros
683 1870 1000 1892 étuient abondamment versés au peuple de
684 1884 1000 1905 rance. Jamais d’anlidole. La démagogis a
684 1897 1000 1919 vent perdue, ds lors qu’on ne Au luisseru pas
729 882 1028 905 uin ellen ont digtous leu civilisations les pi
1022 454 1324 477 Nous aupplions done nos amis de coninuer.
1009 465 1324 490 No pas, que nous voulions imponeur à Mi.
1009 482 1325 504 Bridud et Bortuou la charge de porcourir tout
1009 495 1325 518 la rritoire; mais ills ne Sont pes Seula
1009 504 1324 531 Fedraion des Eauches, o on nent pas ouigé
1009 522 1324 544 d’unvoyer à totes les Féunions dominieales
1010 536 1325 558 lous les hommes, do premia pn. Toulolois.
1009 550 1325 572 l’houre est rop prare pour, qu’on se nnbonio.
1009 563 1325 596 ess pooippoidiole, des jounes lounes
1009 577 1324 600 pleima de bonne volonté, des jounes émorgles
1009 590 1324 613 n quele d’une elreonseripfion, qui oſrent ans
1009 604 1325 626 doue à nos nls un ooncours omprescd or¬
1009 618 1325 639 tos, on doit uliliger t tout de suile, des lorces
1009 631 1325 653 d’uvenir; mals à odté d’olles, les hommes d’ox¬
1009 645 1324 666 périence et de talenl cons doivent e
1009 658 1325 680 montrer le plus possible. ur l’heure ext nsaes
1009 672 1325 704 rain mour que eiaetuns empues uin, quoil lua
1009 685 1325 719 epioioii queiſquis ayibes
1009 699 1325 722 uu mot d’ordro da Neleon à Traſalgur, le mot
1009 713 1325 734 d’ordre qui, donne la viotoir, c E runo
1008 726 1324 759 ad que cneun Ianse tn pou plus que aon
1016 740 1074 759 levoir. n
1030 777 1305 799 oreue
1025 814 1325 836 t Noua n’aploms d’auoune manibre une quo¬
1010 828 1305 849 conquo olidurié aves ce comll a, dorivait i
1009 841 1325 862 dredi dernier le loical, en uns ſormulu deſni¬
1009 855 1325 876 live qui trat toute ton horrour eu tout ton
1009 869 1325 891 mépriz. Cttit au lendomain du jour où ſut pu¬
1021 883 1325 904 Ié0 la pooletalion que le Comlté Matouraud
1009 896 1325 918 avait rormulée à l’unanimitd contre l’inqultion
1052 910 1319 933 on dmetbaul le vou t que los impuis noui
1037 923 1329 945 ſ, mt-os auvmentatous d’umouy vnen?
1010 938 1324 957 nJvont un cutottrs ſofaitnire à lexelualon de
1010 951 1325 970 noute déclaralon de beneſoes ou de rovonus el
1010 965 1324 986 nJoupprimant de ce fait toute raison ’inquisl¬
1010 978 1324 998 ad don dont le caruotre ool conraire au Senti¬
1010 993 1324 1013 E ment nolionul v. Et aujourd’hul, le mme
1009 1006 1324 1027 Aal deveuu tout doux, retire nes crliques
1011 1020 1324 1041 u dans la mesure où il n pu y avoir un malon¬
1009 1033 1324 1054 tendu n. Pourquoi tant d’indulgoneo aprus lant
1009 1045 1324 1069 da rbrlé? Got quo l, nouuraud a Drré hler
1009 1060 1324 1082 t quo ies explionlions aur la grando trahinon de
1009 1075 1324 1095 ou comté tont Jugdos satisfaisontes par ’organe
1009 1088 1167 1109 oetol du parui radienl.
1021 1102 1324 1123 Le préaident du Comité républienin, du om¬
1008 1116 1324 1137 mare, de l’induaris et de l’agrieulturs a-t-il dons
1009 1128 1324 1150 Fellré, déaavoud le vœu qui avaſt provoqué, dans
1009 1143 1324 1165 l anp radieal goulallle, de al luriounes colbres,
1009 1157 1325 1178 at auquol a-t-il dit nvos une ironie dont le Rodient
1009 1171 1324 1191 aporéolera parlioullorement la auveur, e la prense
1009 1184 1324 1205 de tous les parus a donné une publicit i len¬
1008 1198 1324 1218 dué n Aueunomont. Le vuu ot maintonu, con¬
1008 1211 1324 1232 eé, & par l’orgnne de ton préalden, le Comits
1008 1225 1324 1246 Maneuraud tient à proelamer qu’n il n’a pas vuris
1008 1239 1311 1260 dans an ſoçon de concevoir le réſorme ſietnl n.
1011 1253 1324 1273 Le oomilé n’a pas varié. ela aigniſle qu’il por¬
1007 1266 1325 1287 te à proleter contre houloversement ſotl
1008 1280 1325 1299 des contrinuions direeles el oontee lu dlarution
1007 1294 1325 1315 qul onlrane néoosairemont l’inquisilion et la
1007 1307 1325 1328 vioiution du teuret des aſfaires; qu’il periie
1006 1321 1324 1342 repoueser la déolaration auosl bien aue les bené¬
1007 1334 1325 1356 tios que our le ohiſtre d’uſtaires; qu’il perainle à
1007 1348 1325 1370 olumor le mainuien deu patantoa aves les roeili¬
1003 1361 1326 1383 ohns qu’il ent Tnlll d’y apporler: qu’il peraiste
1004 1375 1300 1398 daanir la altedion de ſa rdrorme iocale
1056 1389 1310 1410 l tape devant elre linttdi
1007 1402 1318 1423 ld Povion de l’impot ſonoior non bali, uu dõxebve¬
1009 1416 1325 1435 ment de la terre et à letabllenemenl de luxes eur
1007 1430 1224 1451 les valeurs mobſiéres étrangéros.
1017 1444 1325 1464 Le Radienl triomph de la déclaralion, aite
1008 1458 1325 1479 pir M. Mateurand au nom de nos adhérents, que
1009 1471 1324 1492 a notre ayatome Meal appelle de prorondes cor¬
1007 1485 1325 1506 reuuons, deatinées à le conſormer davfntage à le
1008 1499 1325 1520 loique et la uatie n. Mais tout le monde enst
1008 1513 1325 1533 de oet avis t e e’ene ooinſon que nous avons
1008 1527 1325 1547 toujours coutenue. M. Masouraud a dit enoore que
1009 1540 1324 1561 a ppt aur e revenu ent ve rſrme e aa¬
1007 1554 1325 1575 eibre réelamés par tous les républieains et que
1008 1568 1325 1589 l’itervention du comilé n’u d’aulro obiet que d’on
1008 1581 1325 1600 tanr les modalſts tur des bus admioables
1008 1595 1325 1616 pour le commerée, I’inuu ie et l’agrleulture n.
1008 1609 1324 1630 Mais ce nont les tarmes mêmes qui ſiguraient dans
1007 1623 1324 1648 le veu lont hounli, t l ondinmtinſion de qule
1007 1636 1324 1657 déarauion controlée qui eat Partlole entiel du
1007 1650 1324 1671 omnonn na du pari raieal resle onfere.
1007 1664 1324 1685 Auani l’Humoité, plus olairvoyante ou moins in¬
1008 1678 1324 1699 léremée que le oaiel à ee luier aveugler, re¬
1007 1691 1324 1712 aume-t-olle loglquement le dhcours d’uior on
1007 1705 1324 1726 deux phreses M. Maccuraud aocepte I’impot
1006 1719 1324 1740 aur le rovonu, à condition qu’on ne l’applique pas
1007 1733 1324 1754 aux indunsriels et aux commereanta. M. Maaou¬
1007 1746 1324 1767 raud repouise la deolaratlou cout-û¬
1007 1760 1296 1781 dire la prineipe ſondamentai de la reſorme..
1021 1773 1324 1795 Oui maintanant qu’ont apparu tout ce qui ce
1007 1787 1324 1809 amulalt derriro l ſormule maique n de
1007 1801 1324 1824 l’impot porsonnel aur le rovenu globul, imainte¬
1007 1815 1324 1836 nat qu’on nporpoit olalrement derrlbre la déola¬
1007 1828 1323 1850 raon contrôls l’inquioition et larbitrairs réu¬
1007 1842 1323 1874 tMl a tun mous un a anſtr
1033 1846 1317 1877 yus un eilerus qun monpets vuſf
1007 1869 1323 1891 unn al odiouso tyruunie. Le pouple de France d
1007 1883 1324 1905 aupportora pas qu’on lui impous un régime ſoœul
1007 1897 1324 1919 qui aubottueraſt à un yyame fronpais, adanté
1331 481 1646 509 LES RIRATES OBLlAroRES
1345 527 1647 547 La chambre criminelle de la Cour de cassa¬
1332 541 1647 565 tion viont de rondre u arret qui, vioanl un cas
1332 555 1647 576 partieulier du ſonotionnoment des retraites
1332 569 1647 591 obligaloires, nous cemble appeler de roves
1331 583 1646 605 oheorvuions. Une geconde éition du Temps
1331 596 1644 619 d’nior on donn la toxe complet. .
1345 610 1647 630 La question à trancher dtait l suivanle. Des
1332 624 1648 648 salariés aoumis à l’obligation du prõcomple gur
1332 638 1647 660 le salaine avaient, en violation de la lol, omis
1331 651 1646 685 de pre, leue enres e mis
1332 665 1648 688 ainsi l’omployour dans l’inpossibiliis de pro¬
1332 679 1648 703 cédor l’appoaition des uimbres presuriſe. Ces
1332 693 1648 715 salaris uſent on faute, et, panibles d’une
1332 705 1648 729 amonde égale nux vememeu Omis par eux
1332 720 1648 743 Mais uilriouroment, oprs l églemeut du So¬
1331 734 1648 756 laire, ila avaiont présenté leur earte, et réola¬
1332 748 1648 770 mé, alors, de l’employeur un vo¬
1332 752 1648 784 er des con eifottoens prutro¬
1332 775 1648 797 nales qui oussont dõ ure versées ei les cartes
1332 789 1648 812 avaienl d rgulldremont apportées lors de
1332 803 1646 825 chaque paye. L’omployour yant reſusõ cos
1331 817 1647 837 varcements rtroaolils à ôlé pouruiv. on re¬
1332 830 1574 853 ſus de voraoment était-il légiime?
1346 844 1648 866 En premiore instanes, Io reſus de l’em¬
1331 858 1648 880 ployour avait dl dõclarû ſondé. L’artiele à de
1331 872 1648 895 la loi du E avril aiO dit oxprossémont que e les
1331 886 1648 908 voraaments des aularibs nont prõlevés ur Io
1331 899 1647 922 aulairu par l’employeur lors de chaque puye n,
1321 913 1648 946 AemudA, lonna du prelevemeut eé
1364 925 1653 950 otorfuuion paironadrons sonnr
1331 940 1648 963 un imbre moble que l’employour doit opoouir
1332 954 1650 977 aur là arte du l’assuré n. Auoune curte ’uyant
1332 968 1648 991 te présenéé au momont de la paye; l’appoi¬
1332 982 1648 1004 ion du imbro a ô matériellomont impossi¬
1332 995 1648 1020 ble. L’omployeur ne Saurait dono Ctre paasi.
1331 1009 1648 1032 ble d’umunde pour une nmiasion qui n’esl
1331 1023 1647 1044 pas de gon fait. L’arties de la loi d B avril
1332 1036 1648 1059 io iicts uns amende, muis uniquemont con¬
1332 1050 1648 1073 bre qolui , auriant ou ſalariſ a por la
1331 1064 1648 1087 ſauté duquel l’appouition dos timbres, preseri¬
1332 1077 1647 1100 E pur l présente loi, n’ouru Pas liou n.
1331 1091 1645 1124 Lemplovur uvait été, en conséuuce, ae¬
1332 1108 1379 1127 quitté.
1345 1119 1648 1141 Un pourvoi contre ee jugement ſut ſormé
1340 1132 1648 1155 ar le comiosaire de polie, ompllasant les
1338 1146 1648 1169 onctions de miniotere publlo. Ia Cour do oas¬
1331 1159 1467 1180 allon a Cté auiaie.
1345 1173 1648 1197 En roolité, deux quesions se trouvaient po¬
1331 1187 1648 1210 Ses: l’uno, relauv à l’obliguion des verae¬
1331 1201 1648 1225 ments rétroooüiſs; l’aulre, oncomant l’appi¬
1331 1214 1648 1238 caion d’une amende pour le rofus opposs por
1331 1228 1648 1252 le aalarinl En oe qui touche le premirr, le
1331 1242 1648 1264 pour a déoid que le oulariant et onu d’efſeu¬
1331 1255 1647 1279 tuer, méme apres coup, les versomenls qui lui
1332 1270 1648 1293 imcombet. Lõ palron n’u pus le droit d’atoc¬
1331 1283 1648 1304 tuer d’oſsies une roteue Su la gllire; le Su¬
1332 1296 1648 1320 lris ae aoumotea ou non au méounisme des
1332 1310 1648 1334 reeuites obligaloires, c il ngira à es riaques
1331 1323 1647 1346 et porls; le patron, ’a vis--vis de lui aueun
1331 1337 1647 1359 pouvir do conrrintt.. Mass l n’est pas Iibéré
1332 1342 1649 1374 e a onlriluitun ſun lal aulſotued oumrnfite
1331 1364 1648 1400 lei pai
1337 1379 1642 1402 oor , epau l laniatemont l vmomel
1331 1379 1648 1416 e d ede tgeuua t apadlalſeutro oue
1332 1405 1648 1427 dus prssrrpploon cuuttdilvs. oule
1332 1419 1648 1443 chargs legdle icombant à l’employour auhsis¬
1331 1433 1648 1456 ts, e l le aalarié vient à résipisoonee, s’il A’ins¬
1331 1446 1648 1470 erit oiſectivemont pour henbl loior de la lol, nes
1331 1460 1647 1484 vorsements, personnels ſont louor l’ohligntion
1331 1474 1648 1497 patronale. Les vorsemonls putronaux, dans ce
1331 1488 1646 1511 cas, aout A opror au rrõit du aalarié, en
1332 1501 1627 1524 quolque gorto repentant ou miuu ulaiié.
1345 1515 1648 1539 Il ya la, gortes, mn inlorprétalinn tros lorge
1332 1528 1647 1553 de l’ariele i mais elle, nous louiours part
1331 1542 1648 1566 jusluelles ecommandu¬
1331 1556 1648 1580 ions nous avons faites aux chere d’ndusrie
1331 1571 1647 1594 qui ne ns voyaient pas réclamer de coisaioo
1331 1584 1647 1608 immédiate; e Mellez votre part en raorte,
1331 1598 1647 1620 uvous-nous dit; un jour peut venir où elle vous
1331 1611 1647 1636 neru demandde Ii, louleois, ne aure quee¬
1331 1625 1647 1648 llon ae prénenterait: pendant Combion de
1331 1638 1647 1663 eeps oile Fbuorve po ctre urree?
1332 1652 1647 1676 Pondant tronte ans? Pendant oind ans! Pon¬
1331 1666 1647 1690 dnt un ul Le nouvel arrût de la cour lulse
1331 1680 1633 1704 enlors les doutos que suggére oetle question.
1343 1693 1646 1727 les Feraoniinni aironoins uiui elaines
1331 1707 1647 1730 d’une tagon qui oſt pu nembler lardive, étalont
1331 1721 1647 1745 done due. l reſus de payomont n’tait pus
1331 1734 1647 1759 legilime. Mais une ameonde dovait-alle ctre in¬
1331 1748 1647 1772 figée, comme ai le Forus, s’élii produit lors
1331 1761 1647 1786 d’une préentaion normale de la cnrla ou¬
1331 1775 1647 1800 veibre J L’eret, diolare que la dispeaion de
1330 1789 1646 1814 l’arriools g vViant l’apporition des iinlros
1331 1803 1647 1836 pretuiis paur l lois e eui eſtdrale,’ no per
1331 1817 1647 1841 mel, pas de diatinguer onbe le reſus d’apponer
1330 1830 1646 1855 les mbres Sur les Cares qui ont préienties
1331 1844 1647 1868 à chaqu ave ol le, reſus d’opponur les m¬
1331 1858 1647 1882 nos timbrés aur les eardes qui Sont prbonlées
1330 1871 1646 1894 plus tard aprs le reglemont du colair n u
1330 1885 1647 1909 poul go domnder, ay une conſusion D’a pos
1331 1891 1647 1921 u n ntuan, n oonne ſorfueiono oa pes
1662 452 1910 473 oye, ot non plus tard.
1653 456 1971 490 Pyu our a Fenvovs pour aure aolne ou¬
1653 479 1971 503 voni, devant le Hibunul d inppls police
1654 493 1971 518 d’Arras. Nous e monquerons pus de uuvre
1654 507 1844 530 cette Introosante queshlon.
1653 533 1971 587 I ul lEnmpl lu puun
1667 589 1970 611 M. Denys Coohin a t obargé, par la commia¬
1654 603 1971 625 aon du hudget, de rapporter le budgel dos pou¬
1654 617 1971 639 res et galpalros, et aon rapport viont d’otre li¬
1654 631 1971 651 iuu. L’œuvre ent avant fout taonnqua; M. De¬
1653 644 1971 666 na Cochin ent en ploine pouuonslon de con uujet,
1653 658 1972 680 vertu peu commune choz les rapporleure, et d’est
1654 672 1971 693 aux eléments et aux onarations de la ſahriention
1654 685 1971 708 dos poudrus qus la prusque totalits du rapport
1653 700 1971 721 est conanerde. Copendant d’autros queaons tont
1654 714 1970 734 tudiées. C’st de cos derniares que nous vou¬
1654 729 1732 749 lons parler.
1667 741 1971 763 M. Denys Cochin n’ent cortanemont pas un ad¬
1654 755 1972 776 veraaire du monopole des poudres, qu’il trouve
1654 769 1972 791 plus dõſondable que d’antres, l’Etat on ctant pres¬
1654 783 1972 804 que le eul lient; mais il n’on ignore pas les
1654 797 1972 818 derauls, el les xpose trbs aimplemont. Il en con¬
1655 810 1972 831 aidbre les rogles comme ioien loſeées d’une
1654 824 1972 846 paine peatique commerolale. Le monopole aohte
1655 838 1972 859 les Enters, une maruhandies de rebut presque
1655 852 1972 873 ausui oher que du vrai coton; aes marthés d’al¬
1655 866 1972 887 eool ne tont point fuils à hon comple, et quand il
1655 880 1972 901 tablit son prix de roviont, l oublle compleamont
1654 893 1972 915 d’y taire entrer les chargos de cnpſtal ot d’amor¬
1655 908 1799 928 tiecement.,,.
1652 921 1799 942 En ce qui concerno
1654 949 1748 969 Denya Conhin.
1668 969 1971 989 Supponez, dil-l, que Iechoteur reluee un ot
1654 981 1971 1001 vnlamt ino oo ou uo ooû Iranon. Le Iaſt se pro¬
1654 993 1972 1014 duit en eo momen mme, le lot ne contennut pas
1654 1005 1972 1026 los jO Feglemenluirus da dipnéy lamine.. Une
1654 1017 1971 1037 dioeusſon s’ûve ontre doux miniutbros. a Prenez
1654 1030 1983 1052 ma, poudre, Imploro lu quorror, vouis iu aere¬
1654 1039 1971 1062 qulude pour la lrer loul do aule dau vos xerroi¬
1654 1054 1971 1075 e z Non, Fpond la marime, je lire mon vioilles
1676 1066 1971 1087 idreZ eur j’e r l l’end Fujeunir mon atoit. En
1662 1078 1971 1099 lo, hre vou Fepoud la uorrr. oulemont.
1654 1090 1971 1111 ce lot reuaé va charger d’uutant mon prlr de re¬
1654 1102 1971 1124 lon e& comme vous pohotr les l de ma pr¬
1654 1114 1971 1145 duotion. vous payerez les Aõ do ctte vugmentu¬
1664 1129 1701 1145 lon. .
1667 1145 1971 1167 Quel ndirable commerçant que te monopole
1654 1159 1972 1180 qui brouve lo moyon de laire puyer à pon eſient
1654 1172 1972 1194 ee rebus, ne loupal Qu’imporpel ’out toulours
1654 1186 1971 1208 Itat ou du moins le couribuable qui paye, mnis
1655 1200 1972 1221 lu rivulité des deux deportemonts lrouve son
1654 1214 1971 1234 comple à cot lt de choses. e. Dans la cathddrale
1654 1228 1972 1249 n u pauiotlame où tous los Français nu donnent
1654 1241 1971 1263 n rende-vous, dit M. Denys Couhin, l’eupril do
1654 1255 1971 1277 ompi pe menuge malheureunement de pelile
1655 1269 1802 1290 n chapelles sépardos n
1667 1282 1971 1305 Le monopole ne nontonle pas de ſaire payer
1654 1297 1972 1318 es errours à la marne, il la trompe auanl aur
1654 1310 1971 1331 le qualité de la marehandise vendue. Eenu lont on¬
1654 1324 1779 1345 core le rapportour.
1667 1344 1971 1365 Ie me appellerai loujour, lors du dénntre de
1654 1356 1972 1378 l’len, Iignoranes complbos dons lamuells, unt
1654 1368 1971 1390 liiag l inſatbrg dn IA marre au vuiet dos ex¬
1667 1379 1970 1413 Einmiés e Muiuirn ſl a la dl uiu que l io ae
1676 1392 1971 1414 aion de eraull au, la ubve u’udiorx de
1655 1404 1971 1435 Iiailon oſ ui nſns Eur feue ux dut ’it it
1654 1416 1972 1438 Nluqul Lroquu e uu oommuddant Pobert valont
1654 1428 1970 1450 did demn, errds pour lu lsou den lace. Qunnd
1654 1440 1971 1464 is ſurent ommue, on oudſné que eus exp dromnes
1654 1453 1971 1474 aient auns vnleur, tou ju poudro mise en ex¬
1654 1465 1971 1487 pelonos ariulellomont avurle pur l’a¬
1654 1477 1971 1499 cldu, aulluriqua. Or, den ooennilona. na¬
1654 1489 1963 1510 urollomont avaion s o oooéye aunai vou le mé.
1654 1501 1970 1522 me Feaul Te le ttes d’u des uteurs de Fex¬
1653 1513 1715 1534 pérlence.
1667 1531 1970 1554 Et ee lait arraohe un ori au rapporteur; il re¬
1653 1545 1971 1568 dume des aaeriſlons d l’euprit de corpa. u Nous
1653 1559 1970 1581 n dovons mottre en commun lous les,
1653 1573 1970 1595 n qu’ils provionuent de telle ou lelle &ole, de lai
1653 1586 1971 1607 n ou tel minietre, et cherchor meme dus ron¬
1653 1600 1971 1622 n aoignemonts A l’élranger. Empécher le tolbur
1653 1614 1971 1636 n do paroilles onlantrophes et un devoir envors
1653 1627 1754 1646 n l’humanitd. n
1666 1641 1970 1665 Le Temns n’a lamal domandé autre choss que
1653 1655 1970 1678 ce que rdulame aulourdrhul M. Demya Cochin, aoit
1653 1668 1969 1692 la onteibution pouabl do tous les Franpals à l’¬
1653 1682 1970 1706 ude, l la labriention des e plouirs que ohneiun
1653 1696 1969 1719 d’eux aora utiioe dovant l’ennomi, ton¬
1653 1710 1970 1733 troution devont lauolle la monopole dive une
1653 1723 1969 1746 barrirr. La rapporleur nont que coie harriére
1653 1737 1969 1759 doit dure abattun ot oependant an eomolusion ex¬
1653 1751 1969 1774 eémo ot enooro on tavou du dvelopomont du
1653 1765 1970 1788 monolo; dunn lo oouto drmleres Ilenes do non
1653 1779 1970 1802 rapport il propoue qu’un mme de & mllons ot
1653 1792 1969 1815 deni soit employdo à la oonoruotlon unu uorl¬
1653 1806 1970 1830 que ds poudre à la irrgllyérrms que lo monopoie
1652 1819 1788 1841 ’e Jamals ſabiquée.
1666 1833 1970 1857 . Donys Cobin ne pout, apres ou qu’il u dlt
1653 1846 1969 1871 lui mdme du monopole, emdror que a ropoultlon
1653 1861 1970 1885 oit auivie d’er el; les orroura du tor vios des pou¬
1653 1874 1970 1899 dres ont coûls ainez onur à la Trumen en arment
1653 1888 1972 1911 ot on vies humaines pour qu’on nu les rooommonon
1653 1904 1684 1922 pas.
55 1949 336 1977 rors eps
127 1971 343 1989 DUI PEvn is 1
36 2024 352 2102 Marla bhapdelaine
76 2129 314 2164 neir nu nuun Fpuis
148 2209 239 2229 XV Suite
48 2236 352 2260 Dans le long silene qui auivit le pére Chap¬
33 2251 352 2284 alainne laiat i ei eoomeer pu a paun dir
34 2264 353 2299 a poiie ei purrul a’arniounir. Main dort le
34 2279 310 2303 vol craignant un auurileee.
47 2293 286 2315 Endormez-vous poin, con pére.
36 2308 321 2331 No- -. .. ...¬a¬
48 2320 352 2345 nss gur n ehui l auea les épau¬
33 2333 352 2357 leg; maus come aoà vux é fermuient mlers
33 2347 315 2372 i i ga luva pieonidt. ITEE n
31 2362 345 2384 * On vn dire encore un cnapelet, ſl
35 2376 352 2398 Ile alront s’agonouiller prés du li où ré¬
42 2389 352 2413 osail la morls et rent un chapoiit entier.
33 2394 352 2427 Quuana lu e folenrteit us quloudteil la luie
50 2417 352 2442 E Iooiait le et les bardeaux du voi.
33 2421 352 2455 Sael la prenmerg ploiln du einlenps, d& oie
33 2445 352 2467 amnonçait la. délivrance. l’hſver fni, la terre
33 2458 353 2482 Fepuralsgant blonldl, les rvvirres pepronant leur
33 2472 352 2494 mrcho houreune; le monde métamorphosé une
33 2486 352 2510 Iois de plus conmma uine bele ordalure qu’un
33 2500 351 2524 coup de baguuoi, moauuleux delivr eſſn d’un
33 2513 351 2536 mulee. Mais ils ’onuiont s’en réjouir, dans
32 2528 352 2552 cette maieon ou pesait l o, et voritablement
33 2542 352 2565 is p’oprouvoinnt, presque aueunu e oie, parue
33 2555 313 2578 qu Iour ohagrin ii prorond et ainodr.
46 2568 351 2591 Ils ouriret la ennſ e s ’aulrent de nou¬
33 2583 351 2616 eau, proiant ’oreile iu eripiuenmenl des gour,
33 2597 351 2621 los peuonos, ai la toiure. Mura it que u
33 2611 352 2634 p vuit détourné, la teuo e Ponlait immohie,
32 2624 351 2647 e. euit que, aon dnouissnment hnbilmal du
33 2638 351 2661 colr s’emparait de lui nõ ſois de plus; mais au
33 2652 351 2674 moment où elle allit lo rvoiller, d’un mot es
360 1949 677 1970 Ta mre ôlait une bonne ſemme, Maria, une
360 1963 492 1983 ſomme déparoillée.
374 1976 677 1998 Maria ſſt a ouin de la tte, serrant les le¬
360 1993 605 2012 vres...
373 2004 678 2027 Courngouz, et do bon eonsoil, olle l’o At
360 2018 677 2041 tant qu’olle a véou, mais c’ent eurut dans los
360 2032 678 2056 oonumencomont, jurto apres nofs mariage, et
359 2046 677 2070 un pou plus tard quand Badras el toi vous ébe¬
360 2059 677 2083 encore Jeunele, qu’ols ’ost montrée rare. La
360 2073 677 2097 femme d’un poit habitant s’atond bien d’e¬
359 2087 678 2109 voir de la misere; mais des ſemmes qui vont à
359 2101 677 2123 la becogno uuol copablement et d’une ai belle
360 2114 677 2136 numeur comme ello a ſait dans os tomp--là, i
359 2128 574 2161 nyon aus hoaucoup, Marſa.
381 2142 499 2162 Marià murmura:
373 2156 603 2178 e sais, con pére; je ais bien.
374 2170 676 2191 Et elle s’asouyà les youx, eur Son our ce
360 2184 416 2202 ſondait.
372 2197 676 2219 Quand nous avons pris notre premibre
359 2211 676 2232 terre à Normandin, nous avions deux veches
359 2225 676 2248 et pas gros de pauage, dar presque tout ce lot¬
358 2238 676 2262 là dtit mcoor n bois debout ot dirneie à fair.
359 2252 676 2274 Moi j’ai pris ma hache o puis je lui ni dil:
360 2266 676 2287 x Je vas te tair de la terre, Laural Et du
358 2280 676 2301 matin au coir c’était buche, bhche, sans jamais
358 2293 676 2315 rovonir à la maiion hormis que pour lo dinr;
359 2307 677 2329 e temps-l ells faitait le ménogs d
358 2321 676 2343 l’ordinoire, elle soignait les amimaux, elle met¬
358 2335 676 2358 lait le oloiurus on ordr, ele nottoyait l’etable,
358 2348 676 2371 painant ans arruter, et frois ou quutre lois dans
358 2362 677 2384 la journée elle sortiit devant la porto ot postait
358 2376 676 2397 un moment à me regurder, là-bas à la liaibre
359 2390 675 2411 du hois, ou je u fesaais n doi toutes mes ſorces
358 2403 675 2425 Sur les dpineltes et les houleaux pour lui lln
358 2417 662 2441 de la erre.....
373 2431 675 2454 n Et puis voilu qu’en juillel le puils n lari:
358 2445 677 2466 les vnohes n’ayaient plus d’euu à lour oit ol
358 2458 675 2482 olles ont quaaiment amelé donner du lall.
358 2472 676 2494 Alors pondant qua j’etuis dons l hois, tu mére
358 2486 676 2508 St ise à voyuger l avec une chan¬
358 2499 675 2521 diere dans chqme main, rmontant l’éeure
358 2513 675 2533 huit et dix ois do auits avo es chaudléres
358 2527 675 2549 pleines, les pieds le aable coulunt, jus¬
358 2540 675 2565 qu’à ce qu’eſle ait eu ful de Fempir un quar,
358 2555 675 2577 t quand le quart était plein, olle le ehargeait
358 2568 675 2588 Sur une brouotte ot ell ’en alait le vider dens
358 2582 674 2615 le cune uas e dlus des vaed, e puss
358 2596 674 2618 de rois conts verges de la maison, au pied du
358 2610 674 2634 gron. Ctéit ps un ouvage de femme, So et je
358 2618 674 2647 luil liin dil d& me laiuoer laigs muis oudes
357 2637 674 2659 les ſois elle ge mottit orer:e OOoupe-toi pus
358 2651 675 2673 de gu, loi, Oeoupe-oi de rien. Fais-mol de la
697 1951 1000 1973 n Alors je pronais me huocho et jo m’on al¬
683 1955 1000 1987 is duns la unds u hauio il pa nuos aa
683 1977 1001 2002 oulenux que le aaiail eauar des morcoaux
704 1993 1001 2017 s oommo le diaant que Ce.
697 2007 1001 2031 dt unu ſomme. dépareilé qua j’avois la, et
684 2021 999 2053 que ià lu Pon blou e undnil nn annis jo lui
690 2035 852 2054 ſeruis une belle terro... .
697 2050 1000 2072 La pluie crépitait toujours eur le toit; de
683 2064 1000 2086 lemps on temps un coup de vent vennit ſouetter
683 2078 999 2100 la ſonntrs de gouttos ponantes qui coulaiont en¬
683 2091 1000 2115 guin aur le, dreus comme des larmen lenbeu.
683 2105 1000 2129 Enoore qualques houres de pluie ee orait
683 2119 1000 2142 la aol mis à nn, les ruissonux ue ſormant eur
682 2133 999 2156 toules les penlez; quolquas jours, et de nouveu
682 2147 870 2166 l’on entendrait ſes chutes..
695 2161 1000 2183 Quand nous avons pris une autee torte
682 2175 999 2199 en haut de Mislusaini, reprt Smnnl Chapd¬
682 2189 999 2213 laine, ’a é l memie chone: du euvall dur
682 2203 999 2227 et de la miabrs pour ele comme pour moi; mois
682 2216 1000 2239 oujours onuouragée et de bele humeur. Lã
683 2231 1000 2255 nous étions n ploin hois; mais comm l y
683 2245 1003 2266 avait des clairiéres aves du ſoin bleu parmi¬
682 2258 999 2279 ies roches, nous nous tommes mis à élever des
683 2273 814 2292 moulons. Un soir...
695 2287 999 2310 Il se tut encore. quelques instanl, puis ro¬
682 2301 998 2325 oommenon parierlee n egardaht Marſa ſae¬
681 2315 1004 2335 ment comme s’l voulait lui fairs bion com¬¬
682 2329 967 2353 preu’il nlail dire.
695 2344 1000 2366 Cétait on septembre; au lemps où toutés
682 2357 1002 2381 les bes dans le bois devionnent mevvpie, Un
681 2371 999 2393 homne de Misasini uui dscendaii a Fiviẽre
682 2385 999 2409 on canot a’daiit arret prus de gher nous et il
682 2399 999 2420 nous avait dit comme ca: a Pronor gurde à
683 2413 999 2436 n vus moutons, les ours vont vonus tuer une
682 2427 999 2448 n gAniase tout pros des maisons la cemaine
683 2440 998 2462 n pasdõ. n Alors ta mure o moi nous som¬
682 2454 999 2475 mos allés ce soir-là viren au ſoin blou pour
682 2468 999 2489 ſaire rentror les moutons au elos la nuit, pour
682 2482 886 2503 pas que les ours les mangent
696 2497 999 2521 n Moi, j’avais pris pur un liord el olle per
681 2511 999 2533 Pautre, u causq que les, moutons s’õguillaſent
682 2524 999 2548 dns leta tldu Iu brunande, e toul
682 2538 998 2560 à coup, joutond Lour qui rio: n’Ah! las
683 2542 998 2575 utaſtlr le ſi ye’uoral du Peies, uul er¬
681 2566 998 2589 muoient duns le brouaue, ſacile de
681 2579 998 2602 voir que Eéiaient pos des moutona, à eauue
681 2593 999 2626 qu dioni ſe hois voirs le coir, les moilonis ious ounl
709 2607 999 2629 taches blanohez. Alors mu ais mis à
681 2621 998 2643 gour tant que j’al pu, m hache à la main.
681 2635 998 2659 Ta mre ma l’ oonoé plus tard, quand nous
681 2648 998 2673 Sions de retour à la maun; elle aveſt vu un
681 2662 998 2684 mouton couehé pur tere, dbjt mort, et deux
1007 1949 1323 1970 fuoil; el quand c’ost une ſemme avec rien dans
1007 1963 1323 1985 la main, le mieux qu’elle peut faire e’enl de xe
1007 1977 1323 1999 auver at personno, n’u Pin dire. Mais a
1007 1990 1323 2013 mre oll ramonsé un bois par lerre e lle
1007 2004 1323 2026 a pouru dret eur les our, en oriant: Nos
1007 2018 1323 2041 n beux moulonsl.. Sauvez-vous, grunds
1007 2032 1276 2056 n voloux, ou le vas vous Taire du mul n
1020 2045 1323 2068 Moi j’anmlvais on gulopont tant que je pou¬
1006 2059 1322 2082 vais à travers les chousces; muis le temps que
1006 2073 1323 2095 je la rjoigne los ours e’luient Sauvés duns
1006 2087 1322 2109 le bois euns rien die, tout pioux, poron qu’elle
1006 2100 1241 2122 les avuit ppuuré oommo il laul.
1019 2114 1322 2136 Maria écoutait. retenont non haleine, et se
1006 2128 1322 2151 demnmdut ai vrimu ’liſt, bien en mere qui
1006 2142 1322 2165 vait Soit uit cela, S mera qu’elle avoit toujours
1006 2156 1322 2178 connus douo ot paliente, où qui n’avait jumnis
1005 2169 1322 2192 donnd ume lalouhs à ualoehs à ulesnhore cuns le prondro
1006 2183 1322 2206 nsio aur aos genoux pour le consoler, pleu¬
1005 2197 1322 2221 ront avez lul, et disunt que de batbe un onfant,
1005 2211 1250 2243 i y avit do uuo ui Prhaanr lo oornr,
1028 2225 1322 2247 a courte avers de printemps ctait duja ni¬
1005 2238 1322 2261 nie; le Iune ee montrait lravers les nuages
1005 2252 1322 2274 coonme uu viaage ourieux vonunt voir en qui
1005 2265 1322 2298 oni enſore de la iire neule de T’irmer grts ouais
1004 2279 1322 2303 premlbrs pluie. Lo iol ait toujours d’une hlan.
1004 2293 1322 2315 hhuu unfſormé; le ailonca proſond de la nuit
1002 2307 1322 2329 afoogail que bion des lours oncors s’écoulo¬
1005 2320 1322 2342 Fii vnnt qu’on entendit de nouveau la lon¬
1021 2334 1321 2367 ue boinloin de rrndes ounuiea ſal de oite
1005 2337 1321 2371 LE ſnulnountſi ſde an ies enounr orumsen is els de pe
1005 2361 1284 2381 mades.
1049 2375 1321 2400 uel Capdolaine ae lut quolque tompe,
1005 2389 1321 2412 la lle penchée, le mains our ads genoux, Se
1005 2403 1321 2425 aſuPonul du psss ot dos duros unuéos pour¬
1004 2415 1322 2440 tl loinespéranoe. Quahd l uoommone
1005 2430 1321 2452 à pirler, ce ſut d’uno oix hésilante, avec uue
1004 2443 1209 2468 Sorte d’humililé uelumcouque.
1038 2458 1321 2480 A Normandin, et à Mini, et dans les
1005 2471 1321 2495 aulis plaoes ou nous avons paé, j’ul toulours
1004 2485 1322 2508 ire iiſo ſort; porgone ne peut rlen dire à l’on¬
1005 2498 1322 2521 confr. d’ai clairé hieu des arponts de bois, et
1005 2513 1322 2535 pat des maisons et dus grungos, en me disant
1004 2526 1321 2549 toutas los ois qu’un jour viendenit où nous au¬
1004 2540 1290 2564 rions une bello teré, e ou t bre pourri
1004 2554 1321 2574 vre comme les ſommes dos vieilles puroisses
1005 2568 1321 2592 avou de boux camps nus des deux bords de
1004 2582 1321 2604 la malon puasi loin qu’on pout voir, un.Jar¬
1004 2595 1321 2620 din de logumogit de helles vaohos grasaes dans
1004 2609 1321 2632 len cios.Et voil qu’olle oel morde tout de meme
1004 2623 1321 2646 dans une plao à moité loge, des nu¬
1004 2637 1320 2670 muns moirons et du pois
1004 2650 1321 2673 qu’il y n’des nuis où l’on enlend urior lus i¬
1003 2664 1321 2686 nards. Et d’usl ma ſaute, el elle eul morte dns
1343 1948 1645 1972 Plusieurs ſois, aprds quo nous avions
1329 1962 1645 1986 pusgé inq ou ans dans une place et que tout
1330 1976 1646 2000 avail blon maroné, nous ommenelons uvoir
1330 1989 1645 2013 un beu bien: du pacage, do rands moreooux
1329 2003 1644 2027 de lerro ſaila prels i ſtr omdz, une maison
1329 2017 1645 2041 toule topiaaén en dodans aveo de orollss
1329 2023 1645 2055 mugrnr, a vent du nm mo u uoiblnnit
1329 2045 1645 2069 autou d nous; il n’y avait Fen qu’à ntondre
1329 2059 1645 2082 un pou en travoillnt lronquilloment et nous
1329 2073 1644 2096 purions dté au miliou d’une belle paroiae où
1329 2086 1645 2119 Laus l u ’a o a re u Tanis lafurtetre e
1329 2100 1599 2124 puis oul à coup le cur mo manquai;
1328 2114 1644 2137 Sentais tanné de l’ouvrage, anné du puxs; la mo
1329 2127 1644 2153 moltais d Hir les anes dos eens qui prdmiont
1329 2141 1644 2165 des lols duna le voiainage et qui vonalent nous
1328 2156 1646 2179 voi, ponaaut que nous Sorions heuroux d’avoir
1329 2168 1644 2193 de vMale upres e leslos gouis ai longdomps.
1328 2182 1643 2205 l’entendais dire que plus loin vors le haaut du
1328 2196 1644 2220 lau, dans le bois, i y avait de la honne terre; que
1328 2210 1644 2236 du monde de Sainl Sadhon parlait de prondre
1328 2224 1644 2248 des lols do n ooel, ot voſſa que oette place
1328 2237 1643 2262 dont j’enlendais porler, que le n’vvus jumeis
1328 2252 1644 2276 vue ol ou il n’y avait oncore perconn, o mu
1328 2265 1643 2287 meais à avoir laim ot goiſ d’elle comme si e’é¬
1327 2279 1569 2301 tait le pluce où j’étais né ¬
1330 2293 1644 2327 uu e is ile upu lourune do le
1327 2307 1644 2331 joume était ſu, au liou e roster à funer prés
1327 2320 1643 2344 du porron t je
1327 2334 1643 2358 ruſais la aans rouillor, comme un hommo qui
1328 2347 1643 2371 a lo mal du pays ot qui s’ennuio, et loul ce que
1327 2361 1644 2385 je voyais la devant mor: lo bien que ’avoin luit
1327 2376 1643 2399 moi- ms ave aint de peine ot de mire, les
1328 2389 1644 2412 champ, les qui bouoholt la
1327 2403 1597 2425 vue, je le halssais à on pordre la raicon.
1342 2417 1643 2439 n Aoos ta mere vonait pur derae aans
1327 2430 1643 2453 Iaire de bruit; elle regurdoit ausl nore hion, et
1327 2444 1643 2467 je aavais qu’ello ôtuil conlolo dans lo ſond de
1327 2459 1643 2482 aon cœur, puree quo p cmonçait à rousem¬
1327 2472 1643 2493 blor aux vſeilles paroisses ou olle uvuit bt ile¬
1327 2485 1643 2508 vé t ou uire boul Sun Feme.
1328 2499 1642 2522 Mais au liou de me dire que le n’étais qu’un
1327 2513 1643 2535 vioux aimple et un ſou de vouloir m’on allor,
1327 2527 1643 2549 comme bien dog remmes auraient fait, et de me
1328 2540 1643 2562 cherehor des chionnes pour ma ſole, elle ne
1328 2554 1643 2578 taignil rien que aopirer un pu, nongonn à
1325 2567 1643 2590 ln misre qui alleſt recer dans ume auire
1327 2582 1643 2614 puine daui oſn pee
1339 2595 1643 2618 ut doucoment: e Eh bien, Gesfy
1328 2609 1574 2631 n qu’on va encore mouver biomtr
1341 2623 1643 2645 n Dan oo tmm--i je ne pouvais pos lui ré¬
1327 2637 1643 2659 poudre, tant jlranglis de honte, à cause de le
1326 2650 1643 2673 vin misérable qu’lle ſaituit nvou moi; mais ie
1652 1954 1947 1979 monl, toujoura auasi cupablemont, oncoura?
1652 1968 1968 1993 d de helle humeur. Sans Jamais un mot de cnl¬
1652 1982 1786 2001 oane ni de malice. n
1665 1995 1968 2019 Aprûs cela il u tut et sembla rumner lon¬
1652 2009 1968 2032 guoment son regret son Chamin,. Morin dou¬
1652 2022 1968 2055 prin iiie paiais les outlus eur la ’ouri eumis
1657 2036 1968 2062 on iait quand on veut eoour uu uiſiſr quel¬
1652 2050 1968 2074 que ehoas; mois en vrlé elle no désirail rien
1651 2064 1968 2087 oublier. o gu’elle venitt d’entendra l’avait
1651 2077 1968 2102 dmue eù froubée; elle avait l’inluition conſuine
1652 2092 1968 2115 que oe rcit d’una vie dure, bravement véoue;
1651 2105 1969 2129 avuit pour alle un ges proſond ol oportun, el
1652 2118 1967 2141 qu’il conlenait une locon. ai eulemont ule
1651 2133 1950 2155 pouvoit comprondre.
1651 2146 1968 2179 , Comme on connait mul les gons! songen¬
1661 2163 1694 2179 elle.
1664 2174 1969 2197 Des le nouil de la mort, on mere aemblait
1651 2188 1952 2213 prendrs un appa uugugle et Sinuuler, & voi
1651 2201 1968 2228 que les quais s rmlieres, qul l’ar
1650 2215 1969 2239 vulent Tait aimer de aun vivont, disparulasaient
1651 2229 1942 2255 depriere d’utres vertus prerque heroiques.
1663 2243 1969 2266 Vivre toule a ii en des loux décolés, lors¬
1650 2256 1969 2290 uion aurrli aions ui i diouis la eoin pisinſe des aueus fur
1650 2271 1969 2295 mains et la urild paiahls dos vilades; pei¬
1650 2284 1972 2306 ner de l’aube à la nuit, dépensant ooubos les
1650 2298 1968 2322 loren du aon orgs nZ mile dures betognes, e
1650 2312 1968 2336 gurdor du l’aube à la Ruit pouſones et
1650 2326 1968 2350 une oéonil jovoir autour de
1650 2339 1967 2364 à quu la nuafurs prmtdo. aiuréuet Io nuvgs, n Mis
1651 2352 1967 2376 nbumai, aue milieu du fout el
1650 2366 1968 2390 l’ordro raieonnibio, at da uieté,
1650 2380 1967 2404 qui aont les truis de hion des flieles de vje
1650 2394 1968 2417 ann rudono, o’élait ens chos dfleüle el mé¬
1650 2407 1967 2433 noire, aauurremont t , quelles, dlais T oi.
1649 2421 1954 2445 penseà Quelques mols d’loge, apres la morl¬
1655 2434 1968 2459 HaAtoe que oql n alalat a pinos La ques¬
1649 2448 1967 2472 don ne e poail pas dons eoue
1649 2461 1967 2486 noiiol; mais C’uaat bion à ola q’e’le ls agrguut
1649 2475 1967 2499 Vire ais, ausi duomont ua avvvommt,
1650 2489 1967 2513 e luisser a t d Eerr drftre, i, Pou &e
1650 2503 1938 2526 rommen on élaient capables. Elle-mem...
1663 2516 1967 2539 La ciel haigné de luno dait ainqulibrmont
1650 2530 1967 2552 lumineux et proſond, ol d’un bout à l’aue e
1650 2544 1967 2577 eo tiels du à lunt os au ieninomnonte dlmpeis
1650 2558 1966 2579 somblables à dos dcors, défiont vomm m
1650 2572 1967 2595 proeueion olomell. L ool lon n’évoquot
1650 2585 1966 2607 aueune ldée de Iroid ni de, vr l heios
1649 2599 1966 2621 balt, tibde, at quolque vorb myttrioune du
1649 2613 1966 2635 Piuempa qui vonait tainait de la helge un m¬
1658 2627 1966 2660 le du pouyapp mue ment e¬
1657 2641 1965 2663 loutahle, ot que l’on dvinait oondamné à blon¬
1648 2654 1751 2677 et diparate.
1799 916 1989 942 les rolatone eſ a ger¬
1649 933 1971 958 M des poudros et la marine, i.
1899 436 2046 463 v v
1650 2762 2047 2787 Source galllca bnffr Bibliothéque aalonale de France
71 2663 1882 2689 i qui coupia t ae pit l parlo. r n r lle Flait pour m’encouraer, mais moutonn coux pur laure, El elle eut more dana aarais hien que ju ſnirais pour, & uavurauu Ioes
33 2666 1937 2703 u ui qui no pir ei iu Pil iſpliletleul la la u end mlor lu hauetvrmu iE mrinet plu loin eue li. tr, ie a au eo a omi maioi.
33 2690 1927 2717 em-rue n urt au voo uuu que le denous de ces uaux fuuit tout uoir d un pon homme, prs pouroux do Fien pour oire, Le rumords l’lruit le iete. le hois, et qu’elle vit avo mo l Dren-l re à donou
44 2704 1636 2736 mmmié. lMuue, aliu. Iuc dü oürs embe. mAme aven un les veux à ait E art e la dure beno Somone.
137 396 1970 429 O A A2 ouo mnsbneoprement din au avant eux Cel ouve vimlemant ou’A l Imo mlod.AnA Iduuaion du auftrane uni¬ au tennérament ranenn. contorme au carnttre blis au contraire par Iortele S, qui atamne en
116 410 1876 437 QQM AT uimpoeueomemei disg uuniporHe au dent x ele Prouvo, mplomeé qu’Alour luieiule l’Mduaetiou u uenqu uu qu oamntament lognt, otormo au uuuurre blis au contrurt Par l’ar uiolo v,
36 411 1971 459 1.AQ a Rm eusauoei ſaue de litus e feneas daig ael as ſimiois de aua e eia ie ot rad lode e us dris
159 438 1913 466 rii2 dù Fbule di aures, àii milions de Iraneg de du virus el ds l’nypoeriaie demagogiques. Suns que vont deenir leurs fop douiles, rouptaux. lld de T’ouumoer. un aoms auaor puslen Hoené dmd E , lu lorn
362 905 681 929 uploataon apuau eer mteeé. E a Con¬
362 909 681 941 onmmtloot de ſogfed & ddlaun r  is e i
362 933 681 957 n’en eal pas da mamo da Ia populaioo Ln
