2048 2740
46 1619 164 1640 doux amisn
53 2267 136 2290 A certais
65 484 364 522 Les rſlas de laclionP
55 701 367 725 lours n’avait d’utre but que de leur ex¬
207 717 683 744 de quolques convor l ous mon nontimonts our votro ouurro n.
54 732 368 756 aations que j’al ues dans nos provino
55 748 367 772 du Midi e du Contee, pendant les deux
56 758 367 787 ermieru m o s.’ mp mpobie e les
56 779 366 802 torminor aur dire un mot encore aur
113 794 367 821 moes nouivontens qu’ont blon vou¬
57 795 366 849 Peada ian tor g ae e aes ieioere
74 903 368 927 a Ie ne puls m’abonnor, bien que je
57 919 321 940 vous achbls fidfament au numi
57 934 368 958 berit de FEt a un oſeioror qui ne poui
58 949 368 976 mems aier, mil evoe uné &¬
58 965 227 987 rrous conribullo.
71 986 367 1009 tJe ne auis qu’un peus pauao du Sud¬
57 999 366 1022 Oueo et je fois mon erles miitoire n,
58 1014 369 1037 ouit un ſoune uoldal. u Fai été aen d
58 1174 367 1200 u Je voudrats blen prendre un abonne¬
51 1192 368 1214 menl, mols je ne le pourroi que P’an ro¬
57 1205 368 1230 aie, quand je pira e reiour cher, caud.
58 1216 367 1242 Mee la Ie voudrais bien palre quilque eho¬
58 1232 367 1255 e Dour ropngndero-je
58 1236 368 1269 e n au tueplr
57 1260 293 1283 ces éq frues dont je dpoce.¬
73 1278 367 1304 t notre nud appolle cette orande
58 1294 368 1332 lue de da iorn ſorvaip mi iuoni&
58 1309 367 1335 euivre de norre robvomont nutlonl n.
151 1324 368 1350 Duton ool ourvie du non
76 1328 367 1364 ue pirus ’dauloan mol & mulea a uis dunqe
56 1356 367 1392 amnmaunis ’oilſust ſu mua ous d¬
59 1370 343 1395 inde pas d’uEller. Impoblls de
58 1374 369 1413 nut muit¬
59 1402 369 1428 ion, provineaux, déolaront r oimor
58 1412 368 1443 Qul ums oniriouiione
58 1431 369 1460 & envoiont ou Smmonoont oe lémoimige
59 1449 368 1472 matériol de leur a commiunion proton¬
59 1464 368 1488 de ot joyeus noire eeré .. Un
58 1468 368 1503 deet ou au n mon nouoom en mis nous
58 1495 367 1519 demande de puyer on deux fois, ne pou¬
60 1510 369 1534 vunt donmor & Tranos ’un voul coup.
58 1526 368 1553 En mono Il nous epouo co;
59 1542 368 1565 ment, dopuis plusiours mois, il prend
58 1552 368 1583 miaque jour onr numoar du lournil,
58 1573 371 1597 la por pour a collooiion, lo acond.
58 1583 370 1617 Jeaui eroir ’nmvoid &a qon oune en proimoue, le
57 1604 368 1630 troiaiamo ot le qultrim qu’il roros
196 1619 370 1645 il agu; le cn¬
57 1634 370 1658 quiem eſt pour un out joua homme
59 1650 370 1675 e lamille, cargé de mannenir & de
59 1664 370 1689 namomltr o mboru, La leudiõ o lolrr e o¬
58 1681 370 1707 mine pur uuo lint d’uduue nouvole¬
59 1697 370 1723 pour d’un apre re¬
59 1712 370 1736 mot d s pouvor en fuire plus. Race
60 1728 370 1752 admirable de Fumain nécontents
58 1742 370 1769 d’oux plus qu de uuri, opiremn ou¬
44 1759 226 1787 oui à mieux taue.
62 1787 368 1812 * Au nom ds Languedociens, mon
68 1801 369 1826 rund amd Aborb Armaviolle, le gaint du
76 1818 369 1845 Iibrige, coome Miatral l’appello; m’é¬
94 1834 369 1859 que nous aboutino a Devrions¬
59 1849 368 1873 nous donnor jusqu’à notre denirn
60 1865 369 1888 a chamise, la douxiemo et defnitive
60 1880 369 1901 n Rectaurution saru falle . Pour cette
58 1896 369 1933 un, pormonne n’ounli, qu’ei n& a on¬
59 1911 370 1937 iouromont, qu’un moyon d’actlon:
60 1926 369 1953 oomiion ous vez Tason r, di un
58 1942 369 1966 autre Languedocio, a d’écrire que le
59 1957 370 1982 journal o lOut E t mon oorepon¬
59 1973 370 1997 dant promol de s’ouyer eur notre dur¬
59 1989 370 2017 niere campagne pour montrar l’utlits
59 2003 168 2028 Eu jouraſ?
60 2025 370 2058 œu roorus de Teterion de Perounon, des
59 2039 369 2060 nleles de PAolon frçeaau nt porté
59 2052 370 2075 u plus que je ne pesis dae los fleue
60 2067 369 2088 its bion pensdnte. De plasieure cotés,
60 2080 369 2106 u ee murgues apgrobaion dion¬
59 2083 369 2114 aa eu der aurques d’epiproberton omre
59 2107 149 2130 n luulel.n
56 2125 370 2149 En regle genérale, il loul que les cam¬
59 2141 374 2177 pugmes auqn ruuour le ſourmail pour
71 2155 371 2181 ue, l lourds du ourt
59 2172 251 2193 ſacant avancor les cam
60 2187 370 2209 Tel ot levis de oo iconnours du
58 2203 369 2239 urldle il voie uns la du l rrrns
58 2219 370 2245 Co, le plus inoandeuent paut-dtre de nos
59 2234 315 2259 Dy. Ie répone des mſlilanui:
62 2253 373 2279 u Noue a, n uu meitre, ooez
145 2269 370 2291 uu tt v mreher, il peut
57 2282 370 2306 ſ auoir de ttmile à uore elon Le pre¬
58 2296 382 2323 E ree du, lipueuir qui a bien compras le
58 2310 370 2331 n doelrie d’Aotlon trançae, , ’et d’en re¬
60 2323 370 2344 u ttrer une rdeur inlusscblu. Nous vom¬
58 2337 370 2362 mes déj de eeucoup les plus jort, cſr
59 2351 371 2373 i je voudrai bben uoir quet joumt
59 2365 369 2387 u Porrit eréer un efort ausi spontané,
53 2378 370 2401 it quel joumal pourroit atendre autant dé
55 2393 182 2412 ’i ies Iéeteurs. n
75 2410 370 2437 ’’rit de Sorpa parvonu à dogré
59 2414 370 2452 lueioilds ſ de mor u u ur à a s ner
61 2441 371 2465 me on lo vit, non ux hommes non pux
61 2457 369 2481 choca, mais aux idées d’une dooine,
50 2472 396 2501 , u &
60 2483 370 2525 outs lia ie laie dſa utes lu oe
60 2491 372 2543 iude al ie d diegsi e a’aeoies
69 2522 372 2540 ſronçais à Iu vôrild politique, qui le ren¬
61 2522 371 2556 ſrunms s A eel Ps liire, qua e en,
56 2550 371 2572 Mator dé laire le toux de la Paanes on
59 2577 370 2598 ’g roo . 1 21
62 2577 305 2611 ap. ars sra i & iut
158 422 625 444 s t s Cuu, P.
375 485 684 511 pouillant mes lores de ces dorniere
375 486 685 527 uilun it iuginai d& quiſer e
513 564 678 600 oboulites d ts quel
374 579 685 606 queu iguouis asi
373 594 686 621 Ation e la vo
373 609 684 637 & uo iui
376 672 650 697 aArdents patrioto, ,,crit un Paii.
376 689 684 715 se auis bourouo & fos da voir parte.
406 705 684 730 par mon mart et mes cinq onants
374 736 684 760 Cette coreepondante pouvait s’abonner,
374 739 563 773 Seil oierondea ma po
390 767 684 791 D’autres, condamnés à ce contontor de
375 781 684 806 r’aonul ’au numo, omvoiont leun eux
375 797 684 821 Iranes, montant d’une &onon donl l
374 812 684 840 ne mutent ps;  ’un d’oux t un r&
374 823 684 852 pubieain matooraiiels yon au iliomn
375 845 679 870 lisme imbegra u. i Camol, da
373 859 646 896 Endeur enoadaul eunilus E paia
429 875 646 899 talr A, Sos d¬
375 887 683 917 poulſmns., & ounonmient donsa m no Aſeauis
375 894 684 930 Pouiti ouue eotnes termp dede pr, ſuls
375 910 684 946 Paromnu l’ aut
375 938 685 963 de protdlylims viennontn la ponee
375 953 684 980 de nos loueuré les plus eons el de
374 969 684 993 nos adeptes les plus anoions. Un offoier
375 985 684 1009 n retraite nous rappolle que es ren¬
375 999 683 1023 contres ave nous Tomon ios,
375 1016 684 1041 quand nous orgnsions l’hommage na¬
374 1031 684 1055 onul au gndil Moroler et que nos
375 1047 685 1071 touyétifliom taront oog touf au ion.
407 1061 685 1086 s our obeure, du uas fuf¬
434 1093 684 1118 o i pass, pout maintenant ré¬
375 1107 684 1131 oiter donmo un
374 1138 684 1162 dont un vumol- de contribubons: mon¬
375 1156 684 1179 auelles, our limpot volontairo, nous
375 1166 684 1195 donont utommont lesi nouveles &s
375 1187 679 1208 afleta de notré d’ontondos dirr
375 1191 684 1227 neit un dMex t qu’un onmu l d ’eul
376 1213 684 1244 ormé à Ordans, pour li dpporaion de
375 1232 684 1257 Léon Daudeû , L dépoadon de Lon
376 1247 684 1270 Dudẽt et un voœu natuoi à lou les
376 1264 684 1286 Prugsions de l’inlérour. i la vills de
374 1281 684 1304 Rab n’est pas devouue un ſoyer de ga¬
376 1293 684 1319 liade intenao & qu’unn quils toit don¬
376 1309 685 1347 neus à uil aasripils prot de dudiſe lais
376 1326 684 1363 pinnchiu our ’opion
376 1342 568 1366 Burgard e le Sooil6 M.
473 1362 557 1389 Ue, jour du,
472 1376 588 1396 Nous ’rons la¬
375 1397 615 1420 chantonne mon oorrespondant.
391 1422 685 1447 Cos tarribles menncas de l’Etranger de
376 1440 684 1466 l’inérieur, n’inquiétent pos bouucoup.
375 1455 684 1479 L’idée n’a rien à eraindre dea coups que
376 1471 685 1494 l’on degline à des hommes qui n’ont pas
376 1486 684 1510 peur. Nos amis e montront, en rovun¬
376 1501 684 1528 Che beucoup plus émus des aiaques
376 1516 684 1541 sournoiies de l’fitriguo et do l’hvpoeri¬
375 1533 684 1555 oe: lol maniſeole oõ contimont qn b&ri¬
376 1548 684 1573 vont que vioil bonné d’une loulle ledie
375 1564 684 1588 honorable qui nous alaqua ignoblement,
391 1579 684 1604 a quitts t nous onvote l comme in¬
374 1595 684 1619 ai oargnde; tol qui uvnit auapendu pen¬
376 1611 684 1634 dant les vncances on abonnementà
377 1624 684 1650 IãAeton Irmpoise, ſious Toviont an rai¬
376 1642 685 1666 con des aceusations mennongéres et des
376 1657 685 1681 agreion obliques dont noun-commes
376 1673 684 1699 Vietimos de lu part do gons dont la cons.
376 1688 684 1710 elonos o dans le tiroir.. Ainoi le mal
376 1704 685 1729 que l’on nous fait ou eolui dont on nous
376 1719 685 1745 monues pore, on deſnilive, à peu pres
376 1735 684 1762 les momes que les aignes de
377 1750 685 1775 l’atontion et de lamihé. On peul le di¬
377 1766 685 1790 re, nous avons la ausui dure que la
376 1781 685 1806 peau. Comme le Saule que Ronsard’ pre¬
377 1797 685 1823 nuit pour l’embleme du bon pouple gau¬
377 1813 685 1837 lois, l’Actiom fronçaise prnd. viguour
377 1828 685 1852 da Son propru dommago. On ne nous s
376 1842 685 1868 nus fait ul ort qui a Suits dos
376 1859 685 1884 choes n’ait toujours magnifquoment
363 1123 684 1190 lalaa a e eée e.
391 1876 432 1899 parr.
392 1890 685 1917 Quoi d plus naturll Nous oom¬
377 1907 685 1930 mes dans le vrai, ot nous avons rai¬
377 1926 418 1944 con...
377 1952 686 1975 rien n’eet plus oorlain. Mais il ne laut
378 1968 687 1993 pas oe contanor de dirg oula: De grande
378 1984 685 2006 Serviteurs de l Prano porlrent
377 1999 684 2026 Sans la réompons de leurs oorls.
377 2015 684 2040 Louis NVI avait raison, et Cadoudul.
376 2026 685 2055 a Cnarleo . Cpendount, lus ſurent iaur
377 2047 685 2070 montés et omportés par les cimonsan¬
376 2061 686 2086 ces. doseph d Malre ol Bonuld avniont
377 2076 685 2101 ruiaon, Ie vonts de Chambord avail rai¬
376 2093 686 2117 non, ot Charolle, at lous ces combaftante
377 2109 685 2132 des uarres oiviles qui cont descendus
377 2124 685 2145 dans la tombe uvec dos contiments ou
377 2138 684 2163 des fgunes de vainous. Il y u, VO hous,
378 2154 685 2180 aubro choc que u vrité: ſl y à on
377 2171 685 2195 progrs, il y à con eucoes, il y a l’im¬
376 2174 685 2209 noro éomploiuil dea conat mon qri
378 2201 687 2228 Tavaille ct milile pour nous chaque
378 2221 422 2241 jour.
392 2244 685 2268 Je me ferai comprendre par un exom¬
377 2260 685 2284 ple qui ust d’hier matin. Un de nos su¬
376 2275 685 2300 jets de discussion avo leu ooprils altur¬
376 2291 685 2317 Qg dans lu domouratie et dons la Rapu¬
378 2304 686 2331 hliquo. at de cots in¬
377 2321 687 2346 Cline l’ooprit de notre temp, le oourant
377 2337 685 2362 des Ibo, lé mouvoment den ohooes et,
378 2349 687 2376 on d’uuris brmmex, plus ambltioux
379 2368 686 2394 va Ivolution. A uuhol vorn le ¬
379 2383 666 2405 volution vvoa lu démoorallo! vors le¬
379 2398 687 2423 bõrnt les blos où la nau¬
378 2415 685 2441 re n mis plus de grols que de corvolle.
378 2430 686 2458 Nous nous ommos mis pailemmentà
378 2446 686 2470 rtablir lu vri et ce n’a pos été ans
380 2461 757 2498 fruit on lirds.
379 2477 688 2501 que, du moins pour l’Allemagno, la ia¬
380 2480 688 2514 que, la eea
378 2508 687 2535 n’ompoe pus un Mure Sangmer de
378 2523 687 2560 ouienir bnuyramme
380 2539 688 2563 mêmo, d’ondr or. Un daurds
380 2554 647 2591 Aonl pea ane uon ſu dun c
379 2570 660 2596 Snonu, coito oouz, oui o
379 2584 591 2610 mont. vour touonir
416 515 701 554 dus eur as emu u monmeuel
477 532 685 571 E ue mi ſef aui aar e
374 1073 685 1102 a qui a’ voin de vomur mos. mumidros
375 1094 437 1117 partount
392 1935 731 1960 Bans doute. Il faut dire cola, eur in.
949 673 967 694 i.
693 688 1001 725 ais qui nmomrounis à Sure t’ue
743 704 1002 729 parlont pour nou. Parlois, ie
693 707 1002 741 mie atnt pour Purois, le
693 730 1001 757 Iinunnou, do ua olûhe ou ds la aux
693 751 1001 777 pree, contouont hanloment la puro v¬
692 766 1001 791 rd: Anol, ar maln, dunt I’umi¬
691 777 979 805 nie, le uorlaire du Parii onlili
692 798 1000 835 unis qua l’on pul ouiiss ouimreeii¬
707 814 1000 837 Le rj de Bubde a déchiré de ces pro¬
691 829 1001 853 pres mâma la Charte cnoiiuutonnolle;
692 845 1006 881 ue mtoune uales iurue eila s
692 873 1001 898 me, il ot l u’uu’A Iormur un o&¬
693 890 1001 912 binot uivs da milS do le Chambro.
691 906 999 931 ien que la mort n’étoit capable.. E !
692 922 1001 948 bien. on n’a mõme
693 933 947 961 pus crii d mors l d bus, eé le
693 953 1001 978 démocrutiqus d’Europo l’u plubt en¬
692 969 1001 993 prouvé aujet des clupeuns du Ba¬
691 983 851 1006 luim de l’umaué
705 1002 1001 1026 En priencb d’une tlle atuatlon, on au¬
692 1018 1001 1045 rait pu peneer, que atns les mileux, &
691 1131 1002 1162 untea fat oentio comuro a ue ax fauitr o a
692 1156 831 1178 majoré vola..
706 1169 1002 1191 Or, et le coraire qui a uoit. Nour
692 1183 1001 1205 grande proae républloalns entimo t dit
692 1197 1001 1219 que la bon droit ent du et du couverain
692 1211 1002 1233 qu’il n’a done pas à désavouor un goate
690 1224 1001 1247 qu Fhonore. Lo Tempe o n mm c rire
691 1238 1001 1271 qus l , ndonn uu promder minlaune ra¬
702 1252 1001 1287 lud vuil, ’eurſmirlat ds avour uu
732 1268 1002 1298 pont eu, aionmeetuet d a aor, qul
693 1279 1002 1301 done, en rNfm conolitutlonnel, dcdu ct
692 1293 1001 1314 commande, du Parlement, émanation du
692 1306 1001 1328 corps oloral, ou du monu T l
693 1320 1002 1342 Tuelque cinquanle ans, il quelque ui
692 1333 1002 1355 ns uéme, Le pruuoe lbbrab. a’o égar,
692 1347 1001 1380 r’aurait aun Paaie uie eni roi
693 1361 913 1383 à vno cõmbhenulon pus n
693 1376 731 1395 role.
705 1387 1002 1410 Mais, d ’heure aetuale, tout plis, lout
693 1401 1001 1424 ’oſeé, p pneolpes, traitlon, evant l
726 1415 1002 1438 te d& accton Impõrlallles o millta¬
693 1428 1002 1452 rlalo qul dode un pau Patoul ur e
692 1442 1002 1465 monds. Gueéavo V, pour notre mourgootale
693 1456 1001 1480 repubiealos, eut aons pon droit puuul
692 1470 1001 1492 tnd omme e à aon imagu, à aoraver
693 1484 1001 1507 ies chargee multales qui ont our aes
693 1497 1001 1521 ujete ot s’odrra-d’’tiner, de non pouple
693 1511 1001 1540 aux aums eumlen iln, ls. diaaees, fes au
692 1526 877 1549 tagonlameu et ln hana.
709 1543 1002 1568 M. Dubrouh explique ce ſait por le
694 1544 1002 1582 di; muins a o ious u iul ſl ſuut
692 1574 1000 1613 niant qu’il ’urſiquos pa quil urpipi q a o qu queret
694 1590 1002 1614 Mis ceux qui onb u doi, l démoera¬
693 1605 1002 1631 tque Norvoge on lo ao déeidor à uire
694 1621 1002 1646 un roi pour des raisons d’ordrô in¬
694 1625 1002 1660 uu d ouns la ſnaut¬
694 1652 1001 1676 ae vorele &l boucoup plus gnrale.
693 1668 1001 1697 Mais n’imporn, Nous onaualons l Cons
694 1682 1001 1710 tutons qu’on Europe e mame en Frono,
718 1699 1003 1723 duns la bourgooisi rpublicaine, le
695 1709 1003 1738 vili ide duroique, lbtrelo , ot
694 1730 1002 1759 répuDllaine, a pordu von mor, eua
694 1746 955 1772 Ior. Il n’y plus d’pril rpuh.
695 1761 1003 1786 Il plus de Toubliouins. Voil ce
695 1777 1003 1802 qu’on Pu Ii f rier aoA duns
695 1792 1003 1818 l’organe plus inldrasé auhior uux
694 1808 1002 1831 dlemonls a avancs n du pouple fran¬
694 1824 986 1849 guis le vçritable cons de l’õvdution!
746 1839 1002 1863 aoi du meme jour, un grand
694 1855 1002 1882 joumal, ot lo itro marque leõ lon¬
695 1871 891 1895 danos, la Lberté, dicait
707 1890 1003 1914 Les commis-vouageurs, ou plulôt les ve¬
693 1905 1003 1929 prtentonls de commerce, onl depuis que¬
694 1920 1003 1945 ques jeurs leur journol: le Voyageur fran¬
708 1947 1003 1969 Sur la mancitette, on lit cetle devise:
694 1961 1003 1981 Le Trüut ofjre l PPiz ua Natiuns as¬
694 1974 1003 1997 Setllées Sous l’épide de l Mépptblique.
708 1988 1003 2011 Ceci, entre nous, me puroui in peu pre¬
693 2001 1003 2024 tentleue, cur es notlous ue porelrenl pus
694 2014 1003 2037 trét disposées d re rsremſer tous l’ le
693 2030 821 2052 de la Tépublique.
711 2047 1003 2071 Où n’irions nous pas avec de tels
695 2063 1003 2087 uxlliaare et quand dd ollls, conlrma¬
695 2078 1003 2103 iou aillisent toul à ooup des entrail¬
695 2095 1001 2117 les de lu aitudion¬
711 2121 1004 2145 Nous no ommes pas ceulement dans
695 2137 1003 2159 la vorils des besoins de la Tranc9. Nous
694 2152 1003 2189 inn mes dens la verileld ag as airaiuoe
695 2168 1002 2193 i’poque où nous n pluog nolre nais¬
694 2183 1003 2206 Sanon. E onliment aura e lidée di¬
695 2199 943 2223 oeris o uos Enquéte Sur lu
695 2213 1003 2239 ehie, voil ieot quinas ane. O n
695 2230 963 2254 trouvora l’exprobio à la pag &
694 2247 1003 2271 l’appondioo. Ayat recharehé au cou
696 2262 1007 2286 de cœt ouvrage ce qu’il taut ’
696 2278 1004 2302 Francs, l’autour artive l à xaminer
694 2288 956 2345 Pei saiae ſeaerie i ?
732 2312 1003 2332 Euteux de l’Enquéte, il y un cor¬
714 2312 1004 2349 n mun rru vn urore dolandno e
696 2338 1004 2362 do mouvomon faour dés Féſorms
694 2355 850 2382 et des réparnion.
710 2371 793 2396 Il comptal
708 2389 1003 2414 La erilique du syleme ueccoral
694 2405 1003 2428 révolutionnaire, lo mouvement on fe¬
694 2420 1003 2444 vour de la ſemille.
709 2439 1003 2463 La critique de la contralicaion mu¬
694 2455 1003 2479 nicipale, le mouvement on ſavour des
694 2468 1007 2494 lihedes louales, Pour la Feoontrueloi.
694 2487 825 2508 de Iu comamme.
709 2504 1003 2529 La critique du déparloment, le
694 2520 1003 2545 mouvement en fuveur des lbrten régio¬
695 2534 980 2559 nales pours rocons rule la protnce.
734 2553 948 2579 La oritique du hrrinms
778 2569 1013 2604 mauuunt lmeur dile?
906 2577 1013 2610 Paie?
628 2570 905 2611 O e lluits de eue
1008 483 1318 525 les groupes profestonnels et corpora¬
1023 505 1265 544 La citque du. lbérallome
1004 536 1129 574 au Mi eigee
1109 567 1317 589 le roconobrueion d l. Il¬
1008 567 1318 608 eis d Piut Puomusoint i de l’ou.
1044 663 1272 688 vour ds initioves priv, di
1008 694 1053 716 liue.
1019 697 1317 735 uaoune de oos oritiques, cheun de
1007 726 1317 763 a amon n ls priront, u, poruree
1027 741 1316 766 drolops à par, puur lour compte,
1008 745 1349 785 ua d e&
1008 772 1317 809 qut ails lioni deoe au
1050 788 1342 815 l u lieu de les uiaoser ouE
1008 798 1317 828 las ourrit, on o& ons ror
1008 819 1317 843 por naturll Sl l’on rumiguult, u ’on
1114 834 1317 872 ſinmna u le PRanue?
1222 850 1312 874 uu mln,
1066 848 1348 891 a TPioil orppo ſmuir ie qii&
1007 881 1249 908 vuomont, iadidon roligoue
1009 897 1318 933 ais gun d naonordont
1009 913 1317 937 dan l pansés du roi et ne &õ rojoi¬
1008 927 1317 955 ont quZ L. Lid du u ouue les
1008 944 1317 968 oneilie. La préoones du roi coule les
1009 960 1247 981 rélise. Nous arvions alors:
1055 982 1271 1006 a Si les royalistes voulaient
1055 997 1286 1022 Si les roõalisles suolent .
1021 1020 1317 1057 Les onl vu our
1008 1036 1317 1060 lules o. Ila ont pri gur
1203 1051 1286 1076 cmoit
1004 1050 1318 1076 tri conit
1004 1054 1330 1092 aituou dei
1006 1082 1317 1119 au ou pus puerquo la dlo oune mou
1006 1095 1316 1135 aii pu at eun
1008 1113 1316 1137 toenoe vdté, l ont doronus,
980 1128 1317 1153 u comme on our promotait,  ls i¬
1008 1144 1317 1166 rcteurs iconiesiés de la conscience
1008 1160 1317 1184 frençaise i la monarhie apparaſt de
1018 1176 1316 1200 us on plus e comme le postulai de
1014 1191 1229 1219 Pesprii uubie out ener
1037 1207 1317 1233 lous n’avons pas A Nnda la Frange
1010 1222 1317 1249 igvaliste. lui cnaoignons qu’olle
1009 1237 1318 1261 dait oyaliats cums lo Suvoſr, Do l Vioné
1010 1253 1318 1277 l’norgie des ſors ainai rvoilléas, I’õ¬
1010 1269 1317 1295 len viril d’une pooõn qui ee rebrouve,
1010 1284 1318 1308 l joyeux olat de lu patin, du d¬
1010 1300 1318 1323 vouoment, des oucridcesifD’s lout un
1046 1316 1283 1339 le qui reconnait, qui pait
1009 1319 1318 1355 REtu er
1010 1346 1318 1371 mont à lui-mamo que lorqu’il aure r¬
1010 1361 1318 1387 trouvé don orgunlouuon historiquo, con
1009 1378 1189 1401 gouvornement mafurel.
1116 1400 1291 1420 CAnnEs aaaas.
1011 1508 1318 1539 le ae qu &lil oalſon eu ous ont
1010 1530 1318 1550 flnee eu Cars do l’amée, cux-Cl nt
1010 1541 1131 1562 P s l Ften
1035 1558 1272 1589 Eou &,cut ius re en
1010 1560 1318 1600 ndau reo A us muulene de & eots
1090 1598 1238 1617 artt a
1026 1613 1319 1651 noin laurou. aoant, uit, ’ur ue
1053 1632 1319 1653 mariage à Monseigneur le Dus
1005 1633 1318 1670 Soraun oeu dl ns plutl our n pate ar rrmu
1011 1660 1167 1681 la letlre auivante:
1156 1681 1302 1705 Le la féurier t91s.
1073 1700 1196 1723 Cher monieur,
1027 1719 1319 1743 Monseineur le Due d’Orléans a doi¬
1010 1734 1318 1758 oné me lroer de vous rrnmmitre
1010 1750 1319 1777 Ses vorue les plus cordiaue, à l’ouou¬
1011 1765 1318 1790 aion de votre mariage uee Mie¬
1011 1781 1150 1802 Antoinete Betx.
1027 1796 1319 1821 Le Prince ce réjouit de cette union
1011 1812 1319 1837 entre deux lmills élemen déuouées
1011 1828 1318 1853 à Sa cuse et d Sa Personne, et Il veui
1012 1844 1319 1867 que vous sochiez tous les souhaiis de
1012 1860 1318 1884 bonheur qu’Il jorme pour Mlle BRaets
1012 1877 1122 1897 et pour vous.
1038 1891 1318 1918 rouez bien, cher monsieur, à me
1011 1907 1319 1929 sentiments les meileurs. ’ Hreron
1011 1923 1078 1943 pu Pox.
1011 1958 1320 1993 Evmrmaer dAde v, Phnoſieos m ou
1051 1974 1319 2012 mandus, à oiuz houres d&i, Sous
1012 1989 1317 2011 Saint-André daArr, Gnonns Virois
1011 2005 1319 2029 ſeru une conſrncs contradiotoire m¬
1011 2020 1319 2042 oinlomont deatinés aux dlbve de l’InIli¬
1011 2036 1128 2059 tul outholique.
1010 2068 1319 2104 Coons e ouuoui r n urn
1049 2084 1321 2108 eu Bullotin de la Ligu dAA.F.,
1010 2099 1122 2123 on aoconde pai
1004 2109 1319 2141 aigmemenls uluil au ouurus afionmi
1010 2130 1319 2154 d’Aoion Irancuo, ui doit uvoir iou
1009 2144 1319 2169 Pouloua, lis au Ml où D ſvrier. mvos
1010 2155 1319 2183 le onouirs da Mmnon &
1034 2177 1319 2202 Board de Voains, et ous la préai¬
1057 2191 1319 2216 d’honour & MM. da Sufmren, d
1010 2208 1215 2230 LuSaluo et de Girard.
1140 2229 1190 2244 ſ.
1010 2246 1318 2283 A uux rmprme, poit¬
1114 2259 1320 2298 moetas du quur ono len pois¬
1009 2275 1262 2302 a, loil parlor d’oux. L topo
1060 2278 1319 2316 Soi pluis omni pauoiogge du aot¬
1011 2305 1319 2332 V node HA noue i¬
1012 2321 1319 2360 ne, u riepreou. d la in me e de, la
1012 2336 1319 2360 voyes gun mn. Plun?
1011 2337 1264 2377 o en de a ini nion ſiuus
1286 2278 1319 2295 o¬
991 2358 1278 2391 man dea lu u rouotl rouue as
1008 2383 1309 2407 du Guulois oufz notre juit immonde
1024 2407 1319 2427 Touta lu alle ſéml d’enthouname¬
1010 2421 1319 2456 torauoeit a paiaàiusaon ou u’IE d’eiri aP¬
1011 2434 1319 2457 eals, at lrfmi d’indimablon Iorequ’i a d¬
1086 2434 1319 2471 fuil iumti aitue q’uo eun d eui
1011 2452 1319 2484 aims alua Pus un aus PRanſu dou dMonet
1012 2474 1319 2522 Pe u e agemes a aiſe
1111 2491 1175 2510 tue qui c
1041 2491 1319 2522 s ouo Sueus aut ie as
1092 2515 1319 2552 Tr pou e auu ſuira ou aolag¬
1154 2530 1305 2551 noun jognonns noë uj
1122 2532 1318 2563 n nous ouns ao a.
1011 2519 1043 2536 nos
1011 2530 1108 2549 e iour e&
1083 2556 1320 2590 u dei ai coman C&br ’ua¬
1010 2569 1320 2609 ia ue are eà Saisi.
1067 667 1322 704 ur du oatqgu priain d laiil
1137 2099 1331 2125 de o& numro, des ren.
1322 575 1570 603 uni ue re Luin aour biui
1327 579 1544 616 ſu eaio taxden Lanourus
1338 697 1634 718 La Courrler Buropéon a publé dan on
1406 794 1632 816 S.,, directour responiable! du
1325 805 1634 828 Courrier Européen Coun mintt ox ooe.
1558 282 1836 324 T ces pu at auatl gt ao,
1631 380 1746 403 j a.
1728 301 1888 325 Ex Bin nonreiu.
1792 369 1822 391 ti
1641 382 1940 416 ai adi ereer
1631 414 1933 439 Panauuutdotutaa¬
1367 428 1911 451 A ddaitr d e
1832 531 1950 555 d n aoho
1855 560 1894 580 anui
1781 560 1952 597 jauulis euiui ouonée
1854 587 1951 610 Et quelouz
1819 601 1950 622 ltn cue
1791 603 1950 650 Jeeait a eie
1730 628 1917 661 iont maarrausze
1792 641 1916 663 l ssCC
1642 766 1872 786 noua atandions dans le groun!
1642 776 1950 800 Ialteui, tout piroſus oux depuin la loué
1641 791 1949 823 ui iois iuit, avant oru e pa eauril, n¬
1648 803 1949 827 trx oly, non bnoles ot luruuà hos la¬
1864 818 1950 841 Liuls &
1339 888 1635 911 Noun nous poames, pnt uns pre
1324 902 1634 935 nire loie, lir a quau egton, a vuui.
1325 916 1635 938 Nr Buropée E. B.. n’Y état
1325 930 1635 951 pas. Noun nous aommes précenés une ne¬
1325 932 1633 966 aa i oo ut ſCoumos Pointl eot tur a¬
1346 956 1636 977 S.. at dane on cbmit. Vlols ne
1446 970 1633 993 P. S, t Tpondre qu’i
1363 1025 1635 1047 lus ds a e tonir auoun comie
1323 1039 1607 1072 ius, due u Aies ſou diu du em i
1324 1190 1463 1211 publis cet eho. u
1325 1203 1401 1222 Voun etos
1339 1216 1632 1240 Et aioi, Ivent n onnn. rappa lM.
1325 1230 1634 1252 P. C. au Vodo. U orpa
1325 1244 1634 1266 s’ongoge u coura duquel Vafois, Ardiver¬
1423 1257 1634 1279 Hmpp. volemment irec¬
1325 1271 1569 1292 tour du Courrlr urrpéen. M.
1324 1284 1593 1307 snyont do go dago, a tournn lrr
1325 1298 1634 1320 nou, qui oonn Posbs umobls à l’on¬
1325 1311 1633 1333 n du cnbinot, & nous er::u Comment.
1325 1325 1634 1353 meeum, vous vonoz m’aaniner choo
1339 1353 1469 1375 Nous répondimes
1325 1366 1634 1399 oors aormaie Pouis ns aommeua oas ion
1324 1382 1634 1402 pour prendre part à la luute, mais pour en
1325 1393 1609 1416 Samudr l yaui.n t la lourame
1326 1407 1634 1430 t La poration Staut laie, l’air o lar¬
1504 1189 1633 1211 é n, c’ent vous.
1325 1502 1634 1525 aprits, nous cortimen avos Valols, ans
1325 1515 1635 1539 attondre a polloo qu’un Tédacteur Eoiu
1324 1530 1427 1550 lis choreher.
1339 1542 1634 1564 Dan colloalair, M. P... A... qu
1325 1557 1634 1580 orgumieu l’an dernlor l guet-upons du Me¬
1360 1570 1635 1594 u PReu un pulutaire
1325 1583 1431 1605 urtasomonl.
1339 1602 1557 1625 Paris, le 17 lavrler 1a.
1353 1619 1510 1642 Hrnx ne Bnucuann,
1353 1635 1469 1654 Hun acnance.
1326 1653 1633 1670 Pa e e hea e li e l lel le tueltelele uelt nernexrneuxre nexrerneetettetrtrtetnernrnre reanernereoerveoaa,,,e,
1331 1667 1625 1697 AU SOUR LE OUR
1327 1705 1633 1740 tur irnertunun nintn
1340 1739 1633 1761 La mort lbere l’homme ol, Ie dégagoant
1326 1753 1633 1778 dus ollgtlons contngonte, Ilu donne la
1327 1766 1633 1789 aroit h onnor das eû Vrte. Ciut
1482 1780 1634 1801 4 Maurras ont: fit
1364 1793 1633 1816 devo vdes, ’lolon.
1369 1806 1633 1831 l Penant a vie u londiooaaro¬
1326 1809 1634 1845 eorouiſiaemmil loirauliu on Alfeſlanrt e
1363 1835 1633 1857 n avant dont ia Prane ’honore,
1327 1839 1633 1882 Pait eandreauanl ar loures pue lalreoaes
1327 1862 1633 1886 at pur io cour. I’a droit A mon tour,
1328 1876 1634 1900 arus en volr gar l e uret pondan
1336 1890 1634 1913 uatre ans, de rconbu ls rconstanoes
1327 1894 1634 1929 dunn lequuude l ia la ponumariegarer &e
1327 1781 1450 1814 pour quo ele
1327 1972 1634 1995 uuls roltes o aales, dont le guichot raste
1327 1986 1651 2008 contammant ouvert, où le l a rarement
1327 1995 1634 2033 Paiut drnoe d ſos teo eo la e eer uu e
1327 2013 1633 2036 plnd vous nondo de lumie
1327 2026 1634 2050 uit, ont boaucou mins oonorraalau
1327 2037 1634 2066 qules de lus arde amals au uete
1327 2054 1633 2078 ſoie l’on roure, Lnscrus ir ous, les
1327 2068 1634 2104 aun, ais r qui iſi deameiſids dhu lol coſ e
1327 2085 1569 2103 aien propre, qui y ost rosls depu
1326 2085 1634 2119 aen P Poeeit l La al y pldurte
1591 2110 1633 2129 à sa¬
1327 2113 1633 2148 uae qun aetondl de au ſuina e¬
1327 2136 1633 2161 coit au vrage lE Fecouse e d e
1327 2150 1633 2171 borne dur Dpôt hlon conuô dun obluéI
1360 2164 1634 2187 yon Brlme qul voun ronais¬
1327 2178 1634 2200 nent et qui voua parlont invurinblement du
1327 2191 1634 2214 com ugune de Lu Guluo, qui tut leux
1328 2205 1633 2228 ho y qulmua Ies vieux va¬
1326 2219 1633 2245 gabonas Ineeripllamaut pouulleux a¬
1325 2232 1633 2266 Ers de q u es d’aenaie , quraarois pr¬
1342 2249 1436 2266 mes. Il y a
1327 2250 1633 2283 ueeſoai Aul cdomaur
1327 2273 1634 2298 Parquet et qu vous dil brusquement an
1340 2300 1633 2323 Je ne vous mots pas les menotes,
1327 2312 1633 2347 aoi! Ie oi ons, dureit due vous, les q uſel
1327 2328 1621 2351 O e vous le mtſtan pas ncore! M
1328 2341 1633 2375 uu e, ’en al aapu ue leure riguialeps?
1326 2408 1634 2429 moſlur nouvor eu’ ouul dun de nos
1327 2423 1634 2443 unombrab a unmcs ov nous uvins
1327 2437 1633 2459 ons du nl toodre au crrie d’ormre.
1327 2449 1634 2470 Commu la Sorletrr on¬
1326 2464 1634 2486 ta eux garden, lo crolsil dons le couloir
1327 2477 1634 2500 i’oſeur qul oe Commodait. ’uvait ln
1374 2491 1603 2524 leune, uoundanin & mera, iu
1433 2494 1634 2527 uouounule e e urlu & r e oolPi
1327 2508 1634 2552 S gi e i ue uus deurauenragie ar
1327 2532 1606 2568 aiun lo a aur ii ſ oet
1605 2548 1634 2565 vo¬
1327 2546 1634 2583 Imonineo oure uaul uailuire ve
1327 2573 1634 2600 anin uromalil, aſ oniaiemes du Eoiſal ranx
1327 2582 1635 2609 Ain nnail au Muedrs qilus uieutolatx ae
1557 2533 1634 2554 t pour me
1628 1117 1828 1150 liuipau dui ndeuar iox ul
1470 1348 1659 1372 Vous avaz diſſnmé
1478 2246 1647 2268 ueras le garde mu¬
1822 885 1949 906 lt ontrer Cans 6
1641 968 1950 990 tompe, Dans dem-jour mablul, je re¬
1642 980 1949 1014 iol auus gayredrnardle s ernirai f jai
1641 1033 1949 1060 ma vulgntre coniſſont dé étſeu, au rong
1641 1049 1948 1071 dun u onteur m dans qu Cbloot. n.
1641 1062 1949 1097 Tetmo uvieui ſanre s e auaie uai eeueis
1641 1076 1949 1113 e eus puuis e ne pars aue n mu& aus aavaus.
1647 1104 1950 1129 SE oi ol dril M. Dulonn le uu
1730 1117 1949 1140 eon Cydon, quls, nd, jeir¬
1854 1130 1950 1151 lrailon e& la
1768 1144 1949 1167 I tu on Franendn cot
1642 1159 1767 1182 vo pour. voun.
1655 1172 1717 1191 SEuaüoi
1710 1168 1949 1194 m xttrrnadre, all. unue¬
1649 1185 1949 1208 eun mouvnne t u Iobd des roſes de
1642 1196 1949 1233 ia eipuiluit ie piua onoire ruin ie
1723 1212 1949 1237 olelt du pouvour, rouvaiont
1641 1226 1949 1248 uno iure dout o qui los
1641 1240 1948 1262 reproennit duns l’amour comou du puys.
1654 1253 1948 1275 E A Ie Suls Ionctlonmalre, me dit M. Har¬
1642 1266 1949 1299 mlon, e Ee ais quaiu
1641 1280 1950 1302 m’moe. Mais, j’i lo droi d’uvor m¬
1643 1294 1948 1316 iea et mes aympatnles, et vous aavi
1641 1308 1832 1340 uaiers moul que e vſuns i
1655 1321 1948 1353 TEprouus la ranià ’anuaer du crn fmis quurer ſou riou
1721 1335 1825 1354 téroux de mon
1741 1375 1949 1397 vaſt pas hur atsar un aujet
1694 1389 1949 1411 ipules. Tout ce qui ut mis dans
1641 1402 1949 1425 Eoimdns qua ous dnrnoeme
1642 1415 1935 1438 rE d M te, tat i pps uudnt?
1642 1418 1949 1452 mao de a ux .
1641 1443 1949 1466 tous, il me domanda do mo lger. pron¬
1642 1455 1949 1489 du une leus de pus pues as uoſor e ais
1642 1470 1949 1503 aniroiſqleu duaſulas ueue oa ot p peitiaii
1820 1473 1950 1503 la Dbpot pousadaals
1641 1497 1949 1519 dlonu e ſul plus dile au cours dete
1655 1511 1948 1550 Dans la gmands aalu, deuant le puue,
1641 1537 1949 1560 t ioual d’un ar rod u Monsleur lo Di¬
1642 1551 1949 1584 Feier a e& nou euourn times cntcmnn?
1642 1568 1865 1601 teo lenot A ou dri omilent
1827 1727 1949 1747 mléans eal avant
1656 1727 1824 1750 Monvoigneur le Due
1706 1740 1950 1763 naurnn CC’et ’prpgdon qul a
1642 1740 1820 1760 tout un main. C’et i
1641 1753 1828 1776 dgo S cOms
1642 1767 1953 1790 ur, le Prien l’out u pprſmb deré!.
1650 1782 1679 1806 legi
1642 1793 1950 1817 Ia emmer des mifins frpnîui , u u’on
1641 1809 1949 1842 ueconnſt e en Lui queoin on ae lot
1641 1822 1791 1845 noue, do L’ pcrpoeer,
1642 1825 1831 1858 nn ureere a iſourſr el
1642 1849 1950 1883 E ſe cous uileur dor oileuea
1651 1853 1888 1883 S de ous ouleu ’or oaid que
1642 1867 1950 1900 Sul larots iE bouropo dſs col bloumn or toual es
1642 1891 1949 1915 l’ephun tracen et
1642 1904 1948 1938 ue ius naos peuluint couleur d veut
1659 1918 1950 1940 uuinant toue cocts phyalonome de leur
1689 1932 1949 1954 xtrordinare, les yeux d’anur, inn¬
1642 1945 1950 1968 nmant bleui, d’un ’luu rrquu or. qu
1763 1961 1950 1979 oncore on oux comme un
1656 1986 1950 2009 C ul domlne ans ce engembl, c’est le
1641 2000 1950 2023 muit ’’utorité. Qu aent le che, ls rand
1642 2012 1949 2035 ehd. A l’oo& u Prn, mdment.
1642 2027 1950 2060 an turiis s poriuboe, u u me au pa ui
1642 2040 1944 2065 &-voun u cõme uun, ’oo aaois
1642 2055 1684 2074 i’am
1643 2067 1949 2100 . iaiſaure, lou uompltle ceut e naarrn,
1690 2081 1900 2101 E rengoe du Prs
1642 2095 1950 2120 Fougit la Eo u ut Lots, les yeux
1641 2108 1950 2129 nemuoommont oiorchen s Stolud et len
1642 2122 1959 2145 toſes des ntir
1682 2136 1949 2156 ann ata ouudinn ineamno tion du
1642 2150 1706 2184 Pdii, oa
1785 2150 1948 2172 la cansatton éprouvéa
1656 2153 1950 2196 Junu au oeniteil ou iel oueiedt lie
1642 2176 1950 2200 Sur la pamrrele, Parut Lou, Palilere?
1642 2180 1950 2215 tu u oaure lulers as aomeuta aunaie
1642 2203 1950 2227 Ia daio. nous ollons u ny M
1836 2218 1949 2240 „ unã foilon i¬
1860 2232 1950 2251 dovnt Ce¬
1925 2300 1950 2319 e
1642 2312 1950 2337 oro l du mer, nous en voyons la magiif¬
1642 2327 1773 2351 que, royal a
1714 2341 1950 2361 te n’et pas semenen marin
1705 2344 1722 2360 ini
1643 2343 1950 2377 t it PRlit do de eaern anaa le
1642 2368 1950 2391 gal La confano at out de auio, ceus
1746 2382 1950 2404 cradns cheis, tands qu’on
1850 2395 1950 2417 m. Immprez¬
1659 2383 1704 2401 ’on a
1641 2395 1839 2422 appunnte la atdon uu& Eu.
1642 2408 1763 2429 Ad d’Ero avo
1642 2439 1935 2472 cut e rtout one,
1655 2463 1950 2485 La iu mer pour uõ, le
1643 2475 1950 2510 o prenaz d re auiaſi, a pu es du’in
1658 2485 1950 2515 riieus à & aulot roinx ſu Pree de duts
1642 2504 1705 2526 paguno.
1656 2517 1927 2540 Ct amour a .o pz uot
1744 2514 1951 2555 E Rait e aer liunea laut
1650 2714 2047 2739 Source gallica bnffr Bibliothéque nationale de France
1644 488 1955 512 patloie que quo la Bépubliqué lul donaut
1658 488 1965 528 nrone u Ruiuy lul donmais
1829 540 1964 580 PeE mi nuoeoeaut
1009 1476 1124 1495 aoonur .
1023 1492 1318 1525 Eader de euo e Drulu u e tereſz
1010 1506 1317 1528 M AR Eroëé zo. le S’endr do Bos
1525 533 1639 571 a auiiej
1327 559 1601 592 Ioem es mue molounx aur ue our aa liim
1376 563 1639 608 s ie e i,
1324 711 1635 733 numro du i vrler u ho non né
1324 723 1634 745 norr u Gooes V Vis st diſamé
1324 738 1605 761 dans ea v v & o ô publluu
1324 818 1836 843 nous vons d’acompemer notr l Sots de aullrr, dvee aou!
1642 818 1949 855 aiu du aur mie ouinloyee
1324 831 1950 878 Elra a e a is ele delbeiae iie l’aitais e r’i ied x e ami ioe
1459 863 1951 892 e Mt aü ouaJl, aul omraJ’a av A ta vom leas das et n me
1339 998 1634 1019 La aouel de pon honmeur conrelnant
1325 1012 1633 1033 Goooes Valols à vne oubrvuu mmdiate.
1324 1422 1393 1440 mino. u
1339 1434 1634 1456 Comme M. paralsaſt e¬
1326 1447 1630 1481 tuus ou ul enpilua migens ai, meomaer
1325 1451 1635 1483 uls ut Prnodsouuſlue leoſu nmits de Panet
1324 1476 1432 1495 do notre ami.
1339 1488 1634 1509 Laqunt M. P.. S... rprendre a
1335 1917 1612 1938 ’illub o ventour de l’anlhrpomdtrie.
1341 1931 1633 1953 C’aat à la In d’octobr pi, lors de
1328 1945 1634 1969 mon Scond psage u Dop e n’al que
1327 1959 1554 1979 de bons ouvonirs do ouo oniu,
1327 2351 1606 2377 AMbondee un ou, je r ruv voux l’a
1327 2368 1634 2391 IAE iml ’ lu qui vous demande a
1326 2382 1634 2405 voun e pourriez pas Fcoandr à uu
1326 2396 1634 2419 dépus pour lo talre paner. Un
1641 995 1921 1027 lomin, s onu a, o mnun i i
1641 998 1949 1031 leou ſ d&’ m eiaetopun u eut & n uie
1642 1021 1949 1044 ut or. Tranoporu Erupquomont
1864 1580 1949 1601 pas mins,
1641 1591 1910 1614 dun or commune pontce, vos e
1642 1606 1795 1628 Io grandur dd le
1815 1624 1928 1643 nurlea Puru.
